2669 3938
300 280 303 289 .
393 212 540 265 xm
1178 210 1606 266 PRAEFATIO.

395 362 591 437 empla
628 365 769 421 sunt
803 363 972 421 haec:
1010 362 1121 420 Ad.
1152 361 1214 421 II
1243 364 1302 431 2,
1326 365 1405 421 17
1447 362 1952 422 demonstratiuus
1980 355 2093 444 (sic
2117 355 2202 422 V2
2228 356 2413 443 dett.)]

392 450 765 511 demonstrat
809 452 985 510 huius
1029 456 1094 510 ut
1138 452 1252 511 vid.
1287 445 1388 525 Vl,
1433 452 1609 513 huius
1656 451 2023 511 demonstrat
2074 452 2125 512 0
2130 475 2145 527 ς
2189 452 2300 510 Ad.
2331 453 2419 511 IV
2538 471 2542 477 ’

397 542 453 614 5,
478 542 558 599 33
609 539 761 599 dixit
806 540 907 599 sed
950 542 1130 599 miser
1176 536 1361 618 amet]
1413 540 1565 599 dixit
1611 540 1713 598 sed
1757 541 2035 600 miseram
2072 545 2172 600 et·
2207 541 2270 617 0,
2298 543 2418 609 ,sed

393 630 669 689 miseram
699 629 851 688 dixit
879 631 939 688 et
968 630 1025 688 V
1046 621 1262 711 (dett.);
1299 630 1410 687 Ad.
1442 629 1497 685 V
1520 632 1576 702 9,
1601 632 1679 688 16
1713 632 1817 705 qui
1846 632 2035 689 amari
2063 629 2411 707 conabatur]

393 718 537 792 quia
597 721 750 779 mori
803 719 1131 777 conabatur
1189 718 1253 793 0,
1318 720 1460 794 quia
1516 719 1843 778 conabatur
1897 722 2086 779 amari
2127 721 2181 779 V
2203 712 2417 801 (ἀθέως

395 808 533 866 Hec.
562 808 657 867 III
689 812 745 883 1,
768 809 804 867 8
855 812 961 868 aut
1006 809 1165 867 enim
1209 808 1452 869 soluunt
1487 827 1594 868 nos
1633 804 1832 886 curae]
1875 810 2075 868 autem
2111 810 2419 871 insoluunt

393 915 500 955 nos
529 916 664 957 cure
702 897 764 971 0,
793 901 899 957 aut
927 900 1085 955 enim
1112 916 1220 956 nos
1249 916 1423 957 curae
1452 897 1761 956 insoluunt
1802 898 1856 957 V
1880 889 2093 979 (dett.);
2133 898 2204 957 cf.
2236 899 2417 956 etiam

394 1004 574 1063 supra
620 986 697 1045 ad
741 986 925 1045 Andr.
956 985 1012 1042 V
1043 988 1233 1061 3,25;
1280 989 1341 1061 4,
1362 987 1462 1048 34.

527 1074 592 1133 Si
638 1075 927 1152 originem
972 1079 1152 1150 atque
1197 1075 1460 1137 indolem
1507 1075 1873 1152 singulorum
1911 1075 2197 1136 librorum
2232 1078 2414 1152 respi-

392 1166 596 1238 cimuS,
641 1167 706 1223 in
751 1166 1092 1224 universum
1137 1164 1256 1223 dici
1300 1168 1500 1239 potest
1544 1167 2042 1239 praestantiorem
2082 1183 2205 1224 esse
2242 1164 2417 1223 fidem

391 1253 661 1313 codicum
706 1252 835 1312 AB
850 1248 948 1312 Vl.
1052 1253 1180 1323 Quo
1244 1256 1437 1330 magis
1501 1253 1820 1312 dolendum
1884 1257 1973 1312 est
2035 1256 2100 1312 in
2158 1255 2418 1317 maxima

392 1345 711 1401 commenti
764 1345 936 1419 parte
991 1342 1083 1400 his
1129 1343 1383 1403 testibus
1429 1360 1536 1401 nos
1585 1361 1707 1403 esse
1755 1342 2099 1417 destitutos,
2156 1343 2303 1402 adeo
2351 1347 2419 1401 ut

395 1432 634 1490 omnino
683 1431 761 1489 ad
805 1431 1145 1508 Maguntini
1190 1434 1538 1491 memoriam
1586 1431 1844 1508 delegati
1888 1434 2087 1491 simus.
2166 1431 2280 1491 Sed
2322 1433 2418 1490 hic

391 1539 627 1595 quoque
672 1520 1145 1595 perincommode
1192 1520 1434 1593 accidit,
1482 1521 1640 1595 quod
1687 1521 1803 1579 duo
1849 1521 2078 1580 codices
2132 1554 2207 1563 -
2263 1522 2317 1579 T
2359 1524 2418 1579 et

390 1610 450 1671 R
505 1609 636 1669 dico
683 1642 771 1651 -—-
815 1628 935 1669 non
989 1611 1109 1669 nisi
1154 1612 1431 1686 exiguam
1477 1611 1662 1669 totius
1709 1612 1903 1685 operis
1950 1614 2184 1685 partem
2230 1611 2416 1670 conti-

390 1700 550 1773 nent,
588 1718 721 1757 cum
758 1699 917 1757 solus
962 1690 1138 1779 OOE)
1178 1701 1478 1776 integrum
1515 1699 1790 1757 exhibeat
1827 1702 2242 1758 commentum.
2307 1697 2418 1756 Cui

391 1789 619 1847 accedit
664 1788 845 1848 codex
879 1788 944 1862 V,
991 1807 1166 1863 quem
1210 1788 1349 1846 inde
1397 1788 1471 1847 ab
1500 1787 1612 1846 Ad.
1641 1788 1703 1847 H
1733 1789 1770 1846 3
1819 1791 2033 1847 testem
2069 1807 2193 1847 esse
2230 1791 2417 1851 incer-

390 1876 688 1937 tissimum
724 1877 960 1952 saepius
998 1879 1600 1937 commemoravimus.
1666 1877 1866 1952 Atque
1904 1881 1973 1936 ut
2000 1878 2417 1952 discernamus,

390 1967 494 2025 ubi
534 1967 590 2026 V
622 1987 696 2025 ex
731 1966 1023 2027 Italorum
1057 1968 1396 2027 recensione
1434 1965 1707 2042 pendeat,
1752 1986 1984 2026 necesse
2023 1972 2112 2027 est
2149 1966 2414 2026 consula·

390 2074 520 2114 mus
575 2056 758 2117 Libros
815 2056 1161 2131 deterioreS,
1218 2058 1324 2132 qui
1380 2057 1455 2114 ad
1501 2056 1746 2115 eandem
1790 2059 2190 2117 recensionem
2233 2059 2417 2131 perti-

389 2149 560 2219 nent,
616 2145 719 2203 ubi
773 2147 961 2223 igitur
1001 2146 1055 2204 V
1105 2166 1141 2204 a
1196 2146 1414 2204 codicis
1466 2144 1515 2204 Ο
1557 2145 1840 2204 memoria
1887 2145 2135 2205 discedit
2179 2148 2238 2204 et
2284 2164 2418 2204 cum

390 2233 779 2295 deterioribus
818 2237 1126 2308 consentit,
1165 2234 1293 2292 fieri
1328 2253 1449 2293 non
1485 2237 1701 2310 potest,
1741 2236 1886 2310 quin
1922 2236 2088 2294 illius
2123 2236 2418 2309 scriptura

388 2325 451 2380 in
500 2342 789 2382 summam
836 2327 1079 2383 vocetur
1124 2325 1536 2398 suspicionem.
1611 2323 1775 2383 Idem
1813 2324 1975 2382 cadit
2008 2325 2073 2382 in
2109 2324 2415 2384 Phormio-

388 2412 482 2472 nis
547 2416 970 2487 commentum,
1033 2413 1136 2471 ubi
1198 2417 1436 2488 praeter
1496 2412 1546 2471 G
1606 2413 1864 2472 codicem
1918 2413 1978 2470 R
2031 2413 2418 2489 Maguntinae

389 2504 704 2578 prosapiae
759 2504 973 2562 testem
1027 2502 1328 2560 habemus
1421 2502 1585 2561 Haec
1640 2505 1840 2561 autem
1894 2521 1957 2559 re
2014 2520 2155 2560 vera
2210 2504 2299 2561 ita
2354 2521 2418 2564 se

388 2590 604 2652 habere
659 2591 884 2666 optime
940 2591 1361 2665 comprobatur
1416 2591 1767 2652 lectionibus
1826 2590 2041 2652 codicis
2093 2589 2416 2667 Ouiaciani,

389 2698 538 2755 quas
591 2679 975 2740 Pithoeorum
1031 2680 1338 2739 collationi
1393 2680 1688 2740 debemus,
1779 2679 1979 2739 Pauca
2030 2680 2274 2738 afferam
2320 2699 2415 2737 ex-

389 2769 602 2844 empla.
654 2769 706 2828 0
732 2761 993 2850 (Ouiae.)
1011 2770 1170 2827 —V
1192 2761 1407 2850 (ἀθέως
1444 2769 1555 2827 Ad.
1577 2768 1660 2826 IV
1687 2772 1744 2847 2,
1769 2770 1847 2827 13
1887 2767 2193 2847 figurauit]
2224 2768 2416 2845 figura

390 2861 496 2915 aut
523 2889 609 2900 ---
638 2857 958 2935 figuratiue
1004 2861 1074 2916 ut
1119 2858 1397 2932 dicimus;
1442 2857 1530 2916 IV
1562 2860 1618 2932 2,
1639 2859 1721 2916 43
1769 2876 1943 2916 mane
1989 2852 2224 2935 deueni]
2274 2875 2415 2918 man

390 2947 607 3006 deuani
635 2939 1045 3029 (manaeuam)
1072 2979 1148 2989 —-
1172 2948 1386 3006 mande
1413 2948 1592 3019 iram3
1620 2946 1707 3004 IV
1737 2948 1795 3021 3,
1818 2948 1853 3005 2
1885 2948 2107 3006 fecerat
2135 2938 2414 3028 (faceret)

396 3066 468 3076 --
503 3039 813 3112 peccatum
841 3037 1077 3112 fuisset3
1105 3036 1191 3094 IV
1220 3038 1280 3111 4,
1302 3038 1341 3095 3
1372 3035 1670 3113 significat
1696 3068 1769 3076 —
1796 3035 2113 3113 significet3
2140 3034 2226 3093 IV
2247 3036 2307 3108 4,
2330 3038 2412 3098 22

389 3124 569 3183 fuisse
604 3158 678 3165 -
715 3144 866 3200 esse,
911 3125 999 3192 IV
1029 3127 1085 3200 5,
1109 3127 1190 3184 59
1240 3126 1664 3184 subaccusatur
1707 3125 1817 3185 hoc
1865 3117 2016 3205 (hic)
2053 3157 2129 3166 —
2161 3144 2269 3200 per
2304 3126 2417 3190 hoc

390 3214 832 3289 subaccuseturr,
897 3214 985 3272 IV
1035 3217 1091 3289 7,
1131 3216 1167 3272 5
1234 3214 1512 3291 mitigare
1573 3214 1692 3272 sibi
1756 3216 2043 3272 acriorem
2105 3213 2234 3272 fieri
2296 3215 2415 3274 ira-

389 3302 665 3361 cundiam
721 3295 945 3384 (-dum)
1001 3303 1267 3362 demeam
1302 3336 1393 3344 —
1426 3302 1798 3361 iracundiam
1844 3303 2083 3361 demeae
2131 3305 2418 3364 acriorem

389 3390 518 3448 fieri
571 3393 912 3466 possibilem
967 3392 1081 3452 sibi
1126 3393 1405 3469 mitigare
1454 3395 1658 3467 queat3
1712 3391 1853 3450 Hec.
1901 3393 2047 3467 prol.
2095 3391 2156 3449 H
2190 3395 2222 3450 1
2274 3392 2418 3450 dum

390 3471 593 3559 (dicit)
623 3512 711 3521 —-
737 3485 1123 3556 memoratur3
1168 3482 1317 3556 prol.
1357 3481 1419 3540 H
1450 3483 1529 3540 23
1580 3484 1644 3541 at
1688 3480 1792 3539 ubi
1837 3499 1974 3539 cum
2021 3473 2086 3561 (a
2122 3473 2414 3560 iudicum)

388 3587 644 3643 persona
678 3603 752 3611 —
786 3573 977 3650 primo
1017 3590 1149 3630 cum
1187 3589 1465 3646 persona3
1502 3570 1532 3628 I
1566 3573 1621 3644 1,
1646 3573 1725 3628 17
1766 3588 1996 3645 semper
2033 3570 2283 3632 suasisse
2323 3562 2417 3650 (se
