2669 3938
1051 198 1481 258 PRAEFATIO.
2066 203 2269 257 XXXV

248 347 324 399 ‘P.
355 346 511 401 Sexti
538 347 790 401 Terentii
820 346 944 399 Afri
981 363 1105 400 cum
1141 345 1290 400 Aelii
1317 346 1528 400 Donati
1564 346 1920 416 grammatici
1950 345 2271 400 examinata

243 417 704 487 interpretatione
751 418 894 471 finis.
969 419 1200 487 Insuper
1248 417 1446 471 addita
1493 421 1581 471 est
1615 417 1942 487 Calphurnii
1987 417 2048 470 in
2084 417 2271 472 Heau-

188 522 191 525 Δ
244 489 754 543 tontimorumenon
782 488 1030 543 Terentii
1068 492 1332 543 accurata
1368 488 1683 558 expositio'.
1750 488 2004 557 Denique
2032 488 2269 542 editioni

242 560 486 629 epistula
512 560 762 629 praefixa
790 563 878 613 est
909 559 1302 629 ‘Calphurnius
1331 558 1638 613 Brixiensis
1667 560 1857 613 Marco
1885 560 2113 613 Aurelio
2151 559 2268 613 viro

242 631 689 701 praeclarissimo
730 631 972 685 salutem
994 633 1027 672 -’
1069 635 1202 698 etc.,
1249 648 1421 699 quam
1457 631 1640 684 edidit
1675 631 1920 685 Loeffler
1955 650 2008 700 p.
2040 636 2266 685 40—45.

380 703 471 756 Ab
489 703 599 756 hac
618 702 948 772 Calphurnii
969 703 1215 757 editione
1233 702 1479 772 pendere
1499 701 1750 756 codicem
1767 701 1947 756 Vatic.
1960 700 2151 756 Urbin.
2165 707 2269 755 354

242 774 355 827 iam
400 791 573 843 supra
619 774 1195 840 commemoravimus3
1241 774 1395 827 idem
1439 773 1594 827 valet
1641 773 1710 826 de
1758 774 1949 827 codice
1991 774 2269 828 Boender-

240 844 474 913 makeri,
512 862 625 913 quo
653 845 988 899 Westerhov
1026 862 1158 898 usus
1187 848 1273 899 est
1301 848 1370 914 (v.
1405 845 1645 898 ‘Unters
1677 863 1721 898 z.
1751 844 1849 898 lat.
1874 844 2264 898 Scholienlitt.’

241 935 292 985 p.
316 919 408 985 24)
447 919 506 970 et
543 916 614 969 de
653 916 845 971 codice
882 917 1127 984 quodam
1155 915 1534 970 Gandaviensi
1559 933 1708 969 nunc
1737 918 1801 969 ut
1827 915 2049 969 videtur
2076 916 2270 985 deper-

242 987 387 1055 dito,
434 986 597 1067 cuius
644 986 873 1042 collatio
915 1003 951 1040 a
987 987 1266 1041 Gronovio
1312 987 1469 1041 facta
1513 986 1604 1056 (cf.
1646 987 1913 1040 Unters.'
1954 990 2057 1041 etc.
2095 1006 2148 1057 p.
2181 989 2269 1054 27)

241 1061 429 1112 exstat
482 1057 544 1110 in
601 1057 847 1112 editione
893 1058 1387 1128 Lindenbrogiana
1431 1057 1695 1113 Leidensi
1742 1057 2001 1127 (Gronov.
2051 1076 2130 1112 nr.
2165 1061 2268 1127 12).

240 1130 360 1183 Hoc
398 1132 592 1183 autem
630 1133 860 1199 propter
885 1129 1259 1183 Ribbeckium
1295 1146 1512 1198 mone0,
1551 1128 1648 1197 qui
1683 1129 1745 1181 in
1773 1129 2005 1183 edendis
2034 1128 2270 1183 comico-

241 1219 364 1254 rum
399 1201 776 1254 Romanorum
814 1200 1145 1270 fragmentis
1189 1202 1297 1255 hac
1336 1200 1741 1254 Gandaviensis
1789 1200 2092 1254 collatione
2139 1217 2270 1253 usus

242 1276 341 1326 est.
398 1271 760 1339 Relinquitur
786 1275 852 1325 ut
879 1272 1087 1326 addam
1114 1273 1504 1326 Matritensem
1531 1288 1754 1340 quoque
1781 1271 1992 1326 Donati
2020 1270 2271 1326 codicem

242 1343 419 1396 videri
459 1359 526 1396 ex
556 1342 883 1411 Calphurnii
919 1343 1168 1397 editione
1205 1360 1326 1398 esse
1366 1343 1680 1397 derivatum
1718 1347 1785 1412 (v,
1826 1361 1995 1413 supra
2030 1350 2060 1409 ὅ
2090 1349 2140 1409 2,
2162 1345 2267 1412 32).

383 1417 438 1483 4)
487 1413 722 1468 Editio
767 1414 1087 1468 Parisina
1134 1432 1182 1468 a
1217 1420 1353 1468 1529
1402 1417 1589 1485 (1536,
1642 1418 1798 1483 1541)
1843 1414 2078 1469 Roberti
2123 1386 2268 1467 'Ste-
2301 1422 2494 1473 Steph.

243 1486 471 1554 phani.
547 1485 628 1539 De
666 1484 934 1539 subsidiis
972 1487 1086 1539 suis
1126 1486 1309 1541 editor
1344 1485 1405 1538 in
1441 1485 1792 1555 praefatione
1827 1503 2010 1555 pauca
2036 1485 2269 1550 indicat,

241 1575 367 1611 cum
403 1556 658 1626 loquitur
711 1557 781 1611 de
839 1556 1150 1611 ‘codicibus
1208 1557 1449 1611 antehac
1505 1557 1743 1638 excusis’
1805 1560 1863 1611 et
1908 1557 1979 1610 de
2028 1559 2269 1610 vetusto

243 1628 551 1698 exemplari
591 1627 1021 1697 manuscripto'3
1058 1628 1285 1682 illarum
1321 1629 1382 1682 in
1418 1645 1647 1682 numero
1686 1627 1806 1682 sine
1845 1628 2016 1681 dubio
2046 1629 2271 1681 fuerunt

244 1699 419 1753 editio
467 1700 726 1769 princeps
764 1702 823 1753 et
858 1698 1321 1768 MediolanensiS,
1370 1700 1440 1753 de
1475 1699 1582 1754 hoc
1618 1699 1770 1780 quid·
1793 1698 2159 1753 iudicandum
2197 1698 2272 1752 sit

242 1789 411 1841 supra
449 1774 500 1837 (ξ
532 1774 584 1840 2)
622 1770 993 1852 exposuimus,
1058 1771 1159 1824 His
1196 1770 1375 1841 igitur
1411 1770 1678 1824 subsidiis
1713 1770 1869 1824 nisus
1907 1764 1967 1824 et
1998 1769 2270 1823 adhibitis

244 1842 472 1897 Terenti
509 1841 859 1910 aliorumque
889 1841 1218 1911 scriptorum
1246 1841 1509 1912 operibus
1537 1841 1747 1896 Donati
1785 1844 2160 1895 commentum
2188 1839 2272 1893 ita

241 1913 300 1967 in
336 1914 623 1997 integrum
660 1913 953 1967 restituere
991 1915 1224 1968 conatus
1255 1915 1341 1966 est
1370 1913 1704 1984 Stephanus,
1740 1915 1806 1966 ut
1835 1912 2050 1967 scholia
2077 1928 2271 1965 secun-

245 1987 376 2039 dum
422 1984 616 2066 ipsius·
642 1985 870 2039 Terenti
917 1986 1090 2039 verba
1136 1985 1197 2038 in
1235 1985 1487 2039 ordinem
1532 1985 1836 2055 redigeret,
1884 1985 2152 2039 lemmata
2188 1985 2273 2037 in-

243 2059 551 2125 stauraret,
601 2055 1102 2126 interpretamenta
1139 2057 1466 2111 emendaret
1501 2058 1672 2124 atque
1710 2056 2017 2127 suppleret,
2057 2055 2272 2110 Graeca

244 2130 567 2198 reponeret,
623 2127 930 2181 sententias
988 2130 1277 2182 auctorum
1332 2144 1730 2197 saepenumero
1783 2127 2018 2197 singulis
2064 2127 2269 2181 litteris

244 2200 500 2270 signatas
545 2199 796 2268 integras
841 2199 1114 2253 redderet.
1200 2200 1321 2263 Qua
1367 2198 1427 2251 in
1472 2215 1531 2252 re
1579 2198 1686 2252 etsi
1734 2198 2079 2253 Sabbadinio
2129 2199 2269 2269 (1.0

246 2279 307 2325 81
323 2274 426 2339 sq)
459 2270 877 2324 concedendum
904 2273 990 2324 est
1018 2286 1415 2340 saepenumero
1441 2270 1788 2339 Stephanum
1815 2286 2026 2324 errasse
2052 2269 2271 2323 multis-

244 2359 350 2412 que
387 2341 529 2396 locis
568 2341 680 2394 vim
716 2341 903 2422 potius
940 2359 1110 2409 quam
1145 2341 1425 2395 medelam
1463 2340 1813 2408 adhibuisse,
1850 2344 2038 2394 tamen
2074 2340 2271 2411 negari

244 2431 355 2467 non
390 2415 599 2483 potest,
637 2412 775 2480 quin
813 2412 1021 2481 optime
1060 2413 1128 2467 de
1165 2413 1271 2467 hoc
1308 2416 1622 2467 commento
1659 2412 1890 2466 meritus
1924 2411 2023 2478 sit,
2062 2414 2128 2465 ut
2156 2411 2270 2464 alia

244 2486 494 2552 mittam,
560 2483 648 2537 vel
704 2484 810 2537 hoc
866 2484 918 2537 ei
971 2483 1130 2537 laudi
1184 2483 1513 2537 vertendum
1566 2486 1677 2551 est,
1739 2484 1890 2551 quod
1945 2482 2270 2563 saepissime

246 2555 482 2610 abiectis
525 2554 712 2624 pravis
751 2554 1097 2623 superiorum
1135 2554 1446 2609 editionum
1482 2554 1819 2608 lectionibus
1858 2570 1926 2607 ex
1963 2553 2175 2622 optimo
2211 2553 2272 2605 ni

246 2628 412 2681 fallor
444 2626 639 2680 codice
670 2643 769 2679 suo
797 2625 1102 2695 genuinum
1130 2629 1347 2680 textum
1376 2624 1647 2692 exhibuit,
1686 2642 1796 2693 quo
1825 2625 2041 2678 factum
2069 2627 2169 2692 est,
2208 2626 2273 2676 ut

246 2698 504 2753 Parisina
550 2696 725 2751 editio
764 2713 954 2751 omnes
991 2714 1136 2766 quae
1174 2700 1306 2751 ante
1344 2697 1404 2749 id
1440 2699 1660 2765 tempus
1700 2695 1946 2751 virorum
1983 2667 2271 2749 doctorum

246 2771 507 2824 manibus
544 2769 914 2822 versabantur
950 2768 1224 2822 editiones
1262 2768 1431 2837 longe
1469 2771 1772 2836 superaret.

385 2839 1104 2908 5)EditioParisinaa.
1121 2845 1257 2893 1602
1279 2842 1337 2892 et
1354 2837 1960 2892 Francofurtensis
1983 2853 2031 2891 a.
2047 2843 2183 2891 1623
2212 2846 2541 2889 mndenbr.

247 2911 517 2966 Friderici
569 2909 1024 2980 Lindenbrog.
1117 2910 1277 2974 Quod
1334 2911 1409 2963 ad
1462 2910 1646 2979 ipsum
1700 2908 2001 2962 commenti
2056 2911 2273 2962 textum

246 2984 468 3049 attinet,
506 2983 649 3036 haec
683 2981 1090 3063 Lindenbrogii
1122 2981 1298 3035 editio
1336 2981 1398 3034 in
1433 2981 1751 3033 universum
1783 2997 1896 3033 non
1922 2979 2005 3033 ita
2032 2980 2272 3060 multum

248 3055 432 3109 differt
471 3071 507 3106 a
547 3053 948 3134 Stephaniana,
984 3052 1094 3106 nisi
1131 3052 1282 3120 quod
1320 3052 1412 3106 hic
1448 3051 1568 3104 11110
1604 3051 1757 3104 haud
1793 3068 1974 3120 pauca
2012 3067 2078 3104 ex
2114 3050 2270 3105 novis

247 3125 513 3180 subsidiis
543 3122 941 3194 manuscriptis
972 3125 1269 3178 emendata
1297 3123 1390 3178 vel
1419 3122 1679 3191 suppleta
1700 3126 1845 3176 sunt.
1904 3121 2012 3176 Sed
2031 3121 2273 3175 Linden—

248 3196 385 3268 brog
420 3214 537 3251 non
574 3196 755 3250 solum
792 3195 996 3263 quibus
1035 3213 1169 3249 usus
1208 3195 1283 3248 sit
1320 3193 1608 3248 codicibus
1639 3191 1953 3247 accuratius
1980 3192 2271 3261 indicavit,

247 3286 436 3322 verum
474 3268 648 3322 etiam
683 3265 896 3336 primus
936 3266 1073 3321 satis
1108 3266 1317 3320 multas
1354 3265 1625 3345 lectiones
1660 3264 1932 3318 librorum
1962 3281 2186 3318 suorum
2213 3263 2274 3316 in

249 3338 731 3394 observationibus
770 3337 1044 3406 enotavit,
1093 3339 1240 3391 unde
1279 3336 1475 3404 qualia
1512 3335 1564 3390 ei
1602 3336 1983 3416 manuscripta
2021 3335 2273 3388 subsidia

248 3413 468 3479 praesto
514 3410 728 3464 fuerint
763 3409 879 3478 aliq
882 3426 952 3463 uo
989 3382 1155 3463 niodo
1195 3411 1442 3462 statuere
1478 3406 1771 3475 possimus.
1855 3407 1980 3475 Ipse
2017 3406 2076 3459 in
2114 3422 2274 3475 prae-

251 3482 460 3537 fatione
496 3483 636 3537 haec
666 3481 921 3550 exponit.
963 3479 1195 3534 ‘Donati
1233 3480 1345 3534 duo
1384 3477 1727 3548 exemplaria
1755 3477 2055 3531 habuimus
2086 3479 2142 3530 et
2171 3477 2272 3528 illa

252 3552 605 3608 Pithoeorum
650 3556 915 3607 accurata
961 3550 1260 3622 diligentia
1308 3550 1382 3603 ad
1428 3550 1558 3603 Mss.
1608 3549 1766 3602 codd.
1809 3548 2042 3600 Antonii
2089 3545 2275 3598 Contii

1345 3659 1375 3674 Ὦ

1784 3653 1851 3704 c·
