2669 3938
1080 267 1509 323 PRAEFATIO.
2254 269 2309 324 V

277 415 872 476 Terenzcommentar
906 417 1006 477 des
1043 410 1296 499 Donat’)
1337 419 1816 494 antiquissimum
1853 420 2112 478 codicem
2140 420 2305 478 Pari-

276 506 469 563 sinum
496 503 577 580 A,
618 505 834 565 deinde
871 506 933 564 in
970 506 1025 564 X
1059 506 1264 584 Suppl.
1294 508 1447 565 Ann.
1487 508 1691 584 philol.
1731 500 1964 589 (1879)
1997 510 2298 570 662—96

280 586 450 673 (‘Zur
492 594 700 653 Kritik
756 594 858 654 des
908 596 1061 654 nach
1106 596 1310 655 Aelius
1358 597 1630 656 Donatus
1675 598 2009 656 benannten
2057 598 2303 656 Terenz-

276 676 736 763 kommentars')
767 685 1027 743 codicem
1047 683 1438 745 Oxoniensem
1461 685 1512 745 Ο
1536 687 1973 746 accuratissime
1992 686 2305 762 descripsit

276 790 598 848 eorumque
651 772 941 833 librorum
995 774 1285 850 originem
1339 775 1751 853 investigavit3
1808 776 1992 834 simul
2045 776 2304 834 Bentleii

278 863 647 920 coniecturas
715 854 996 942 (quarum
1058 864 1331 940 exiguam
1387 867 1619 940 partem
1672 864 1852 922 habes
1908 865 2066 941 apud
2122 864 2302 923 Stall-

277 950 584 1008 baumium
629 950 723 1009 ΙΠ
772 944 1106 1032 338—40)
1163 952 1350 1012 edidit
1406 946 1472 1033 (1.
1521 971 1566 1011 c.
1618 954 1743 1014 662
1758 944 1931 1034 sqq).
2023 953 2188 1012 Idem
2243 957 2304 1013 et

280 1041 340 1096 in
383 1040 536 1098 Mus.
585 1040 768 1099 Rhen.
813 1040 1009 1098 XXXI
1055 1033 1289 1123 (1879)
1341 1042 1646 1101 370—80
1704 1034 1874 1123 (‘Zur
1928 1041 2129 1100 Kritik
2181 1042 2304 1100 und

281 1127 541 1205 Exegese
605 1128 710 1188 der
773 1129 1175 1206 griechischen
1240 1131 1362 1189 und
1415 1131 1802 1190 lateinischen
1858 1130 2301 1208 Komikerfrag-

280 1210 526 1298 mente')
575 1221 868 1294 corruptis
914 1218 1268 1294 quibusdam
1314 1222 1630 1278 commenti
1674 1221 1820 1279 locis
1865 1220 2157 1278 medelam
2202 1219 2300 1278 ad-

280 1305 473 1365 hibuit
527 1326 718 1382 neque
775 1308 896 1366 alia
941 1310 1244 1367 occasione
1292 1308 1493 1368 oblata
1540 1309 1915 1387 castigatoris
1963 1308 2156 1367 officio
2203 1309 2302 1368 de-

280 1394 392 1453 fuit
446 1388 550 1476 (cf.
607 1395 896 1455 editiones
951 1398 1192 1455 Terenti
1250 1398 1448 1472 1874,
1509 1398 1705 1473 1881,
1757 1390 1975 1479 1884).
2033 1430 2120 1437 -
2172 1397 2303 1455 lam

281 1485 822 1543 commemorandus
895 1487 985 1544 est
1054 1486 1420 1564 Remigius
1495 1486 1913 1560 Sabbadini‚
1985 1488 2078 1545 cui
2149 1487 2302 1545 hanc

280 1573 599 1633 editionem
644 1574 967 1649 plurimum
1013 1573 1220 1634 debere
1263 1576 1602 1652 gratissimo
1639 1576 1919 1652 profiteor
1955 1576 2167 1634 animo.
2241 1576 2302 1633 Is

282 1663 436 1720 enim
471 1665 794 1738 postquam
830 1665 950 1721 iam
986 1665 1050 1721 in
1088 1659 1313 1723 ‘Museo
1350 1665 1600 1723 italiano
1629 1664 1690 1722 di
1718 1657 2005 1723 antichit3³¹
2032 1659 2300 1723 classica’

281 1750 368 1808 III
406 1744 642 1833 (1890)
684 1753 1030 1811 381—476
1100 1744 1354 1833 (‘Storia
1418 1772 1449 1810 e
1515 1755 1720 1812 critica
1782 1752 1843 1811 di
1909 1753 2105 1812 alcuni
2159 1755 2301 1811 testi

281 1840 479 1898 latini:
526 1841 764 1900 Donato
802 1834 1217 1923 Terenziano’)
1266 1861 1508 1919 operam
1553 1842 1932 1917 studiumque
1977 1843 2041 1899 in
2076 1842 2301 1901 Donati

280 1931 677 1990 commentum
713 1931 986 2006 contulit,
1031 1931 1237 2009 paucis
1273 1934 1412 2008 post
1448 1932 1617 1991 annis
1654 1933 1842 1990 totam
1883 1950 2059 2007 quam
2098 1929 2303 1990 dicunt

279 2022 687 2094 quaestionem
714 2020 1047 2079 Donateam
1084 2021 1537 2097 diligentissime
1576 2023 1636 2079 et
1672 2021 2048 2098 sagacissime
2081 2023 2299 2079 tracta-

278 2110 366 2165 vit
402 2110 465 2166 in
503 2102 705 2167 ‘studi
740 2110 979 2169 italiani
1015 2111 1077 2168 di
1103 2110 1371 2187 filologia
1397 2104 1663 2168 classica'
1692 2109 1754 2167 H
1783 2102 2016 2191 (1894)
2041 2110 2297 2168 1-134

279 2189 384 2276 (ἹΙ
441 2200 770 2256 commento
827 2197 888 2255 di
942 2199 1180 2258 Donato
1238 2219 1273 2256 a
1320 2190 1669 2279 Terenzio’)
1760 2198 1952 2258 Huius
2009 2218 2299 2258 commen-

275 2286 525 2345 tationis
562 2286 734 2361 quasi
771 2289 1247 2363 supplementum
1283 2288 1507 2347 scholia
1535 2287 1807 2346 Donatea
1835 2288 1911 2346 ad
1941 2288 2089 2346 Eun.
2118 2288 2301 2346 1—11

278 2377 574 2451 apparatu
620 2376 824 2435 critico
863 2376 1488 2451 observationibusque
1524 2377 1815 2436 instructa
1852 2376 2038 2435 edidit
2063 2378 2102 2435 1.
2133 2395 2178 2435 c.
2207 2375 2301 2434 ΠΙ

279 2455 512 2544 (1895)
547 2466 893 2524 249-363
945 2458 1097 2547 (Gli
1142 2466 1309 2525 scolii
1346 2466 1672 2525 Donatiani
1717 2467 1777 2523 ai
1823 2466 1935 2525 due
1970 2466 2147 2542 primi
2188 2466 2300 2524 atti

275 2552 412 2611 dell’
434 2553 678 2612 Eunuco
707 2553 769 2611 di
788 2547 1139 2636 Terenzio').
1187 2555 1492 2615 Postremo
1512 2555 1948 2614 emendationes
1969 2555 2044 2613 ad
2063 2554 2297 2613 Phorm.

277 2640 459 2699 I—II
506 2643 702 2701 emisit
747 2644 784 2702 1.
825 2662 871 2701 c.
900 2643 957 2700 V
989 2636 1220 2725 (1897)
1254 2646 1523 2720 289sqq.
1569 2636 1885 2725 (‘Biografi
1932 2663 1962 2701 e
2009 2658 2297 2701 commen-

276 2732 463 2789 tatori
509 2731 570 2788 di
608 2726 961 2815 Terenzio’).
1012 2766 1086 2774 —
1138 2733 1453 2794 Praeterea
1499 2733 1571 2791 de
1609 2732 2045 2792 commentariis
2084 2733 2297 2790 Teren-

274 2819 458 2878 tianis
496 2839 603 2895 pro
642 2839 750 2879 sua
789 2823 1035 2897 quisque
1064 2826 1234 2899 parte
1261 2822 1409 2881 bene
1438 2823 1637 2880 meriti
1664 2823 1802 2880 sunt
1830 2821 1944 2879 viri
1974 2819 2299 2880 doctissimi

275 2907 363 2965 hi:
401 2908 848 2969 Hermannus
885 2911 1156 2970 Usener
1194 2905 1391 2991 (‘Vier
1427 2911 1531 2968 lat.
1561 2904 2017 2968 Grammatiker'
2054 2913 2118 2968 in
2146 2911 2296 2969 Mus.

276 2996 460 3055 Rhen.
508 2997 710 3056 ΧΧΠΙ
758 2993 986 3078 [1868]
1036 2992 1363 3082 493sqq.)‚
1428 2998 1822 3058 Guilelmus
1877 2998 2080 3056 Hahn
2127 2991 2299 3080 (‘Zur

276 3086 1016 3165 Entstehungsgeschichte
1055 3090 1158 3148 der
1197 3089 1472 3147 Scholien
1510 3087 1609 3147 des
1647 3088 1848 3147 Donat
1885 3108 2016 3145 zum
2053 3082 2295 3146 Terenz'

279 3174 308 3233 I
348 3176 539 3249 1870,
594 3175 656 3233 H
697 3169 916 3258 1872),
980 3177 1351 3255 Augustus
1407 3178 1680 3236 Teuber
1744 3169 1886 3258 (‘De
1944 3178 2296 3235 auctoritate

280 3267 741 3324 commentorum
785 3266 850 3323 in
889 3267 1232 3344 Terentium
1269 3285 1421 3342 quae
1460 3265 1567 3325 sub
1604 3265 1764 3323 Aelii
1801 3264 2022 3324 Donati
2059 3267 2295 3324 nomine

282 3350 790 3413 circumferuntur'
833 3357 999 3414 1881
1052 3359 1112 3415 et
1158 3351 1300 3414 ‘Zur
1340 3355 1541 3413 Kritik
1587 3354 1689 3413 der
1726 3353 2296 3413 Terentiusscholien

284 3439 377 3499 des
414 3439 708 3503 Donatus'
744 3446 808 3502 in
845 3444 999 3503 Ann.
1028 3445 1232 3520 philol.
1268 3446 1457 3519 1891,
1498 3434 1851 3523 353—67),
1887 3441 2295 3500 Fridericus

285 3526 415 3589 Leo
471 3524 636 3611 (‘Die
681 3518 1134 3610 Uberlieferung
1189 3534 1292 3591 der
1346 3531 1744 3591 terenzischen
1791 3530 2118 3588 Komodien
2174 3530 2296 3587 und

287 3615 379 3676 der
446 3618 821 3681 commentar
894 3622 995 3681 des
1058 3616 1353 3681 Donatus’
1417 3624 1480 3679 in
1543 3620 1693 3679 Mus.
1751 3619 1934 3676 Rhen.
1983 3616 2298 3675 XXXVIII
