2669 3938
167 348 258 390 οδ.
280 358 377 398 pr.

400 188 634 250 XXXIV
1090 256 1097 257 ἶ
1189 192 1617 249 PRAEFATIO.

546 341 597 407 1)
633 336 869 390 Editio
907 335 1227 406 princeps
1266 353 1334 392 ex
1373 338 1568 390 eadem
1608 337 1833 392 officina
1869 337 2095 407 prodiit,
2134 337 2224 392 cui
2258 338 2429 393 Italia

399 408 640 478 primum
673 407 882 461 librum
909 408 1060 478 typis
1090 408 1449 478 descriptum,
1490 408 1740 462 eiusdem
1768 409 1987 463 scilicet
2012 409 2221 464 Donati
2250 413 2428 464 artem

401 480 843 550 grammaticam,
873 479 1068 534 debet:
1099 497 1231 533 nam
1260 481 1409 533 foras
1440 496 1564 533 eam
1592 480 1869 534 dederunt
1897 479 2181 534 Conradus
2204 480 2427 551 Sweyn-

399 551 564 618 hevm
624 553 682 604 et
733 550 1014 604 Arnoldus
1069 551 1348 604 Pannartz
1396 551 1606 605 Romae
1664 568 1711 604 a.
1756 557 1908 605 1472.
2002 552 2138 606 Cum
2193 551 2301 606 hac
2358 553 2427 606 de

399 606 720 702 principatu
776 621 1066 676 contendit
1121 621 1295 676 editio
1343 621 1561 679 Veneta
1597 621 1887 676 Vindelini
1935 622 2209 692 Spirensis
2259 638 2431 692 quam

400 691 721 774 procuravit
775 692 1029 762 Raphael
1080 692 1409 746 Zovenzoni.
1486 692 1640 757 Quae
1695 711 1805 762 quo
1862 710 2007 775 anno
2055 694 2209 748 facta
2257 697 2429 763 atque

402 764 605 818 emissa
652 763 726 817 sit
773 763 880 818 etsi
920 780 1144 833 prorsus
1181 763 1531 835 ignoramuS,
1582 768 1774 818 tamen
1811 764 2058 819 omnium
2096 765 2193 834 qui
2228 766 2431 819 harum
2496 804 2504 817 1

401 852 585 916 rerum
613 834 783 905 periti
812 838 942 889 sunt
971 851 1242 889 consensu
1273 836 1347 889 ad
1373 835 1685 889 Romanam
1716 853 1886 904 quam
1913 836 2162 905 proxime
2192 837 2429 903 accedit,

402 906 512 960 nisi
557 906 702 960 forte
751 909 818 959 ut
860 906 1117 960 bonitate
1160 906 1242 960 ita
1281 905 1454 960 etiam
1493 910 1680 961 aetate
1720 923 1843 961 eam
1881 911 2121 977 superat.
2195 908 2282 961 Ab
2320 909 2430 961 hac

401 978 618 1032 Veneta
664 979 843 1030 totam
888 977 1131 1046 pendere
1180 977 1484 1033 editionem
1532 995 1891 1048 anonymam,
1941 995 2085 1046 quae
2121 979 2431 1033 Mentelino

401 1048 766 1119 Argoratensi
812 1048 1090 1118 assignari
1128 1049 1296 1116 solet,
1342 1048 1432 1102 vel
1468 1048 1579 1118 ipsi
1614 1065 1801 1104 versus
1841 1049 2267 1119 subscriptionis
2304 1050 2429 1104 loco

403 1120 585 1174 additi
621 1120 870 1189 produnt
903 1119 993 1189 (cf.
1028 1119 1215 1173 ‘Studi
1243 1119 1489 1174 italiani’
1521 1121 1573 1172 Π
1602 1127 1667 1176 76
1682 1125 1799 1188 311).
1856 1121 2111 1176 Romana
2149 1123 2337 1175 autem
2372 1125 2431 1175 31

401 1191 620 1245 Veneta
656 1194 720 1244 ut
756 1190 905 1244 inter
941 1207 999 1244 se
1038 1209 1207 1258 quam
1243 1191 1488 1245 maxime
1528 1191 1909 1260 consentiunt,
1951 1191 2034 1245 ita
2070 1208 2251 1261 neque
2287 1192 2430 1246 haec

403 1279 472 1316 ex
527 1262 629 1316 illa
673 1278 855 1330 neque
901 1261 1003 1316 illa
1049 1279 1116 1315 ex
1160 1263 1268 1316 hac
1313 1262 1616 1330 fluxerunt,
1675 1263 1770 1317 sed
1819 1264 1893 1317 ad
1940 1264 2179 1316 eundem
2221 1263 2431 1316 librum

401 1332 843 1403 manuscriptum
887 1333 1148 1402 redeunt,
1199 1334 1273 1393 ad
1318 1350 1485 1402 quem
1523 1307 1741 1388 codices
1782 1336 1812 1387 b
1851 1337 1907 1388 31
1943 1335 2016 1388 Ε.
2093 1334 2277 1388 Codex
2312 1334 2429 1403 ille,

404 1421 471 1458 ex
526 1421 636 1472 quo
692 1404 976 1459 derivatae
1032 1407 1187 1472 sunt,
1245 1405 1316 1458 ad
1375 1405 1713 1459 deteriorum
1767 1404 2038 1460 librorum
2083 1422 2260 1475 genus
2306 1422 2432 1476 per-

402 1475 627 1529 tinebat
681 1478 738 1529 et
787 1474 847 1527 in
891 1475 1144 1545 Hecyrae
1191 1479 1503 1530 commento
1550 1493 1759 1545 magna
1804 1475 1906 1530 illa
1950 1476 2154 1529 lacuna
2199 1477 2297 1548 (ΠΙ
2326 1483 2375 1544 5,
2396 1483 2428 1530 8

404 1547 524 1599 —V
555 1553 602 1615 1,
625 1549 677 1615 2)
708 1547 1031 1627 laborabat,
1064 1547 1134 1599 ad
1164 1546 1384 1600 Phorm.
1406 1547 1507 1600 113
1539 1547 1754 1601 scholia
1782 1549 1975 1602 eodem
2004 1548 2171 1601 modo
2198 1547 2430 1602 confusa

403 1620 565 1672 erant
610 1620 779 1686 3111113
825 1617 886 1670 111
926 1590 1157 1685 reliquis
1196 1616 1446 1672 eiusdem
1485 1617 1830 1672 condicionis
1870 1619 2047 1673 libris.
2121 1619 2201 1673 Eo
2242 1622 2431 1673 autem

404 1688 680 1742 editiones
736 1706 770 1743 a
824 1688 1227 1743 recentioribus
1282 1688 1442 1742 libris
1495 1689 1893 1770 manuscriptis
1942 1690 2229 1758 differunt,
2280 1691 2432 1758 quod

405 1759 544 1814 satis
598 1760 804 1814 multas
861 1776 1020 1814 voces
1069 1760 1309 1814 Graecas
1358 1760 1672 1830 continent,
1730 1778 1869 1830 quas
1926 1764 2117 1815 tamen
2166 1779 2432 1832 magnam

403 1835 620 1900 partem
670 1831 1062 1929 interpolatori
1109 1831 1300 1884 deberi
1347 1831 1631 1886 luculente
1678 1833 2083 1886 demonstravit
2120 1832 2431 1886 Sabbadini

404 1910 425 1971 (
429 1902 615 1956 Studi
651 1902 1065 1972 ita13111333).
1126 1903 1286 1968 Quod
1323 1919 1449 1955 cum
1489 1902 1660 1957 etiam
1697 1904 1767 1957 de
1794 1903 1989 1957 multis
2019 1903 2146 1958 aliis
2174 1903 2431 1958 lectioni-

403 1975 508 2027 bus
536 1975 738 2028 harum
764 1974 1074 2028 editionum
1102 1974 1342 2045 propriis
1369 1974 1597 2044 valeret,
1626 1976 1935 2058 rectissime
1956 1976 2273 2057 Dziatzko‘
2254 1975 2430 2057 ‘prin-

406 2045 518 2115 cipi
564 2045 802 2099 editioni
846 2062 960 2099 non
1005 2047 1131 2116 plus
1181 2046 1307 2100 fidei
1359 2046 1551 2100 deberi
1597 2064 1767 2114 quam
1805 2047 2051 2117 cuipiam
2086 2046 2431 2100 noviciorum

405 2116 606 2170 codici’
639 2116 841 2171 statuit
867 2116 1021 2187 (edit.
1053 2116 1290 2186 Terent,
1328 2116 1552 2186 Lipsiae
1585 2122 1721 2171 1884
1758 2118 1933 2188 praef.
1971 2138 2024 2188 p
2054 2118 2106 2171 X
2135 2118 2323 2173 adnot.
2358 2119 2428 2187 6).

143 2198 234 2241 ea.
264 2196 496 2241 mediol.
552 2191 604 2259 2)
642 2187 879 2242 Editio
916 2188 1460 2243 Mediolanensis
1497 2189 1732 2242 Antonii
1768 2189 1956 2244 Zaroti
1994 2208 2043 2243 a.
2068 2195 2221 2244 1476.
2276 2189 2431 2244 Haec

173 2704 370 2756 Caum.

407 2275 531 2311 cum
572 2258 698 2312 aliis
736 2259 901 2312 rebus
939 2262 1061 2313 tum
1099 2276 1163 2313 30
1202 2277 1236 2314 a
1268 2259 1520 2330 principe
1551 2260 1755 2327 differt,
1794 2261 1944 2328 quod
1971 2260 2153 2330 prima
2179 2261 2432 2329 Hecyrae

407 2333 781 2384 commentum
815 2330 1099 2398 integrum
1137 2330 1389 2386 exhibet.
1428 2332 1577 2385 unde
1616 2332 1869 2399 sequitur
1896 2349 2021 2386 eam
2050 2332 2124 2385 ad
2153 2332 2434 2386 diversum

405 2400 618 2455 fontem
653 2400 850 2456 redire.
918 2401 1232 2456 Sabbadini
1268 2402 1478 2471 (Studi
1512 2402 1655 2457 itaL’
1687 2404 1739 2455 Π
1766 2405 1855 2472 80)
1894 2420 2222 2457 consensum
2259 2421 2431 2471 quen-

408 2473 537 2526 dam
583 2472 731 2526 inter
766 2472 1243 2527 Mediolanensem
1290 2476 1349 2527 31
1385 2473 1636 2528 codicem
1672 2473 2011 2528 Vaticanum
2053 2475 2105 2528 G
2141 2474 2431 2542 indicavit,

410 2544 506 2597 sed
543 2543 703 2597 illam
742 2560 809 2597 ex
844 2544 950 2597 hoc
988 2543 1296 2598 derivatam
1333 2560 1453 2598 esse
1491 2544 1611 2613 ipse
1643 2544 1899 2614 negavit3
1939 2544 2210 2599 editorem
2240 2546 2434 2600 codice

408 2614 779 2669 Ambrosiano
819 2633 851 2684 q
885 2633 1048 2668 usum
1083 2632 1202 2670 esse
1229 2615 1470 2670 fortasse
1497 2618 1649 2669 recte
1677 2616 1953 2670 Wissowa
1982 2616 2299 2685 suspicatus
2330 2619 2431 2671 est.

551 2689 603 2757 3)
641 2685 876 2739 Editio
909 2687 1169 2741 Veneta
1207 2702 1255 2740 a.
1281 2693 1417 2741 1476
1448 2691 1505 2741 et
1533 2686 1940 2741 Tarvisiana
1969 2704 2017 2742 a.
2042 2693 2177 2741 1477
2208 2688 2431 2741 Ioannis

408 2757 816 2827 Calphurnii
871 2756 1174 2811 Brixiensis
1221 2760 1289 2828 (V.
1340 2757 1611 2825 Loeffler,
1666 2758 1747 2811 De
1796 2758 2135 2828 Calphurnio
2183 2758 2432 2812 Terentii

407 2829 728 2898 interprete,
759 2828 902 2883 Diss.
926 2828 1154 2898 Argent.
1180 2831 1353 2898 1882).
1410 2830 1566 2882 Haec
1596 2829 1769 2883 editio
1798 2829 1859 2882 in
1885 2829 2202 2883 universum
2229 2829 2432 2882 nititur

409 2899 655 2953 editione
700 2899 979 2970 principe,
1034 2899 1190 2953 cuius
1236 2899 1496 2954 lacunam
1541 2899 1601 2953 in
1648 2900 1900 2970 Hecyrae
1948 2902 2258 2955 commento
2306 2899 2431 2954 Cal-

407 2971 678 3040 phurnius
718 2970 960 3039 explevit
997 2970 1255 3026 adhibito
1292 2972 1537 3039 quodam
1567 2971 1715 3025 libro
1744 2971 2141 3041 manuscriptO,
2167 2970 2276 3039 ,11111
2305 2988 2431 3025 311111

410 3042 695 3095 codicibus
722 3044 831 3096 tM
853 3042 1129 3096 artissime
1159 3043 1423 3096 cohaeret
1452 3047 1518 3112 (v.
1544 3041 1731 3096 ‘Studi
1750 3043 1868 3097 ital.
1877 3044 1892 3069 ’
1915 3043 2089 3113 1182).
2133 3041 2431 3097 Praeterea

411 3113 662 3167 ordinem
691 3113 1101 3167 comoediarum
1131 3113 1313 3167 editor
1340 3112 1594 3181 mutavit,
1625 3116 1688 3167 ut
1716 3114 1796 3167 sic
1824 3114 2176 3184 procederet.
2217 3115 2435 3168 Andria

409 3184 709 3237 Eunuchus
746 3184 1126 3239 Heautontim
1166 3183 1456 3254 Adelphoe
1493 3184 1753 3238 Phormio
1791 3186 2039 3255 Hecyra,
2078 3185 2224 3240 sicut
2262 3186 2433 3241 etiam

411 3254 469 3307 in
495 3254 721 3309 Terenti
749 3255 1012 3325 editione,
1043 3273 1283 3325 quacum
1303 3255 1512 3310 Donati
1541 3259 1935 3309 30111111311111111
1945 3257 2304 3311 3011111113111111
2333 3262 2431 3312 331.

410 3326 500 3378 Ad
531 3326 1204 3380 Heautontimorumenon
1243 3345 1369 3380 cum
1396 3326 1604 3381 Donati
1640 3326 2134 3408 interpretationes
2171 3328 2287 3382 iam
2323 3345 2433 3382 non

410 3399 717 3464 exstarent,
771 3396 1142 3467 Calphurnius
1198 3398 1317 3467 ipse
1366 3397 1827 3452 commentarium
1873 3399 2211 3480 composuit,
2269 3417 2436 3466 quem

412 3468 713 3522 maximam
749 3472 968 3538 partem
1005 3486 1073 3523 ex
1107 3468 1340 3537 reliquis
1368 3468 1576 3523 Donati
1613 3470 1943 3523 commentis
1974 3469 2323 3539 compilavit3
2362 3471 2432 3523 cf.

411 3538 656 3593 Loeffler
708 3540 742 3594 1
793 3558 836 3594 c
886 3547 952 3594 47
973 3559 1090 3610 sqq.
1182 3541 1381 3609 Itaque
1437 3539 1670 3594 editioni
1730 3540 2107 3610 subscriptum
2164 3543 2250 3595 est
2301 3542 2433 3597 hoc:
