2669 3938
407 226 492 289 10
663 224 939 281 DONATI
976 224 1462 281 COMMENTVM.
1514 225 1688 280 VITA
1724 224 2044 281 TERENTI
2082 232 2162 281 10.

402 428 407 433 .
493 371 512 399 ‘
525 379 694 452 tuae,
738 371 1079 455 (Terenti),
1127 394 1282 452 quae
1327 379 1623 436 uocantur
1665 377 1929 452 fabulae,

495 464 661 524 cuiae
706 463 885 523 sunt?
935 484 1054 524 non
1098 465 1233 540 has,
1278 466 1412 524 iura
1458 466 1561 542 qui
1605 465 1843 542 populis
1891 466 2100 540 dabat,

494 573 721 614 summo
766 548 955 633 (ine)
1000 555 1222 614 honore
1270 555 1513 613 affectus
1559 554 1703 613 fecit
1746 553 2022 614 fabulas?
2035 548 2055 577 '

544 652 636 727 10
694 660 864 719 Duae
908 662 983 719 ab
1029 660 1393 736 Apollodoro
1440 662 1767 720 translatae
1815 680 1941 721 esse
1987 661 2267 721 dicuntur
2321 681 2415 722 co-

401 749 581 825 mico,
627 749 906 808 Phormio
953 752 1014 808 et
1049 748 1311 826 Hecyra,
1359 753 1647 827 quattuor
1690 750 1955 827 reliquae
2003 769 2038 809 a
2073 751 2413 812 Menandro.
2445 770 2471 811 5

404 857 478 896 ex
534 838 746 914 quibus
800 856 1016 916 magno
1073 857 1347 898 successu
1401 842 1462 898 et
1504 838 1697 915 pretio
1745 840 1915 899 stetit
1959 839 2282 899 Eunuchus
2329 842 2417 899 fa·

401 926 570 1002 bula,
612 926 851 1003 Hecyra
897 945 1071 1003 saepe
1118 929 1354 987 exclusa
1400 928 1500 986 uix
1546 931 1680 987 acta
1728 931 1832 987 est.

548 1120 575 1166 1
614 1116 750 1168 tuae
795 1114 1280 1170 Windischmawn:
1330 1116 1440 1170 hae
1478 1115 1605 1170 AF
1619 1117 1680 1183 V,
1734 1115 1806 1169 he
1851 1115 1902 1168 Τ
1954 1118 1962 1183 Ι
2022 1114 2245 1170 Terenti
2283 1117 2414 1170 add.

405 1185 724 1240 Fleckeisen
753 1188 761 1251 Ι
793 1200 939 1253 quae
983 1186 1130 1255 Τ112
1170 1186 1293 1259 cuie
1332 1189 1403 1255 A,
1442 1186 1566 1241 cuie
1603 1187 1674 1255 F,
1713 1185 1876 1252 cuiue
1913 1186 1976 1255 V,
2015 1186 2136 1241 siue
2179 1188 2261 1256 ΤΙ
2292 1186 2418 1242 iura.

404 1255 503 1324 qui
530 1257 766 1312 Rimul:
805 1255 904 1325 qui
941 1255 1065 1311 iura
1093 1259 1246 1312 codd.
1280 1259 1288 1330 Ι
1320 1257 1544 1327 populis
1572 1258 1808 1314 Riwchlz
1845 1257 2068 1328 populis
2104 1257 2416 1313 retentibus

402 1329 462 1396 (u
501 1333 550 1383 et
584 1327 895 1382 retentibus
932 1328 1053 1394 del„
1089 1330 1153 1383 in
1188 1347 1291 1401 my.
1328 1329 1605 1383 terentius
1642 1331 1817 1385 adser.
1855 1328 2084 1398 Daniel)
2123 1331 2203 1397 A,
2241 1346 2418 1399 popu-

401 1397 473 1451 lis
511 1398 928 1453 recensentibus
972 1400 1158 1455 TFV
1175 1402 1195 1471 ΙΙ
1221 1406 1254 1454 3
1290 1400 1390 1455 ine
1427 1402 1554 1455 add.
1594 1401 1806 1456 Ritschl
1840 1402 1859 1482 [Ι
1895 1406 1928 1454 4
1967 1400 2075 1454 due
2116 1402 2203 1482 T]
2234 1403 2419 1455 trans-

400 1468 517 1523 late
556 1470 679 1524 AT
729 1470 737 1539 Ι
797 1469 1085 1596 ὥοιιξιὺιιὲ
1120 1489 1243 1527 *ποι*
1281 1472 1344 1526 F
1394 1477 1401 1540 Ι
1462 1471 1673 1526 comico
1744 1470 1950 1525 cancio
1989 1473 2099 1540 (uel
2133 1475 2261 1539 4:10)
2288 1472 2420 1527 Vita

404 1540 679 1609 Ambros.;
727 1539 980 1611 Carystio
1082 1549 1203 1598 avet
1263 1546 1282 1613 Η
1346 1549 1377 1596 5
1415 1542 1614 1597 formio
1770 1545 1777 1611 Ι
1845 1545 1903 1597 et
1938 1541 2197 1597 hechirra
2233 1543 2305 1610 F,
2342 1546 2419 1611 ‚et

404 1610 622 1666 echirra
664 1613 715 1666 T
728 1613 793 1681 V,
831 1612 1005 1683 ekyra
1042 1616 1097 1669 A
1129 1615 1138 1684 Ι
1169 1614 1385 1683 relique
1421 1616 1476 1668 A
1504 1616 1523 1684 ΙΙ
1560 1620 1591 1668 6
1629 1630 1886 1668 successu
1921 1630 2127 1683 magno
2166 1614 2228 1668 F
2253 1618 2261 1683 Ι
2293 1630 2418 1684 pre-

402 1681 490 1736 cio
531 1685 586 1738 A
617 1685 625 1752 Ι
658 1682 905 1739 euimcus
945 1683 1007 1737 F
1034 1687 1053 1754 ΙΙ
1100 1690 1129 1738 ’1
1166 1685 1307 1739 haec
1343 1684 1430 1740 ira
1466 1689 1546 1754 A,
1583 1685 1686 1739 hec
1724 1684 1942 1739 echirra
1981 1685 2053 1753 T,
2089 1685 2194 1752 hec
2230 1685 2421 1752 echira

409 1753 476 1821 V,
513 1753 654 1808 haec
689 1754 947 1809 hechirra
985 1756 1046 1810 F
1071 1758 1080 1827 1
1112 1772 1244 1826 sepe
1281 1758 1338 1811 A
1369 1758 1378 1825 Ι
1411 1759 1507 1811 ata
1544 1758 1599 1811 A
