2669 3938
493 204 624 268 <146
1114 202 1395 258 DONATI
1432 200 1903 256 COMMENTVM

495 372 572 411 'm
619 369 749 412 ems
795 371 903 429 pro
950 357 1247 428 paratus
1294 355 1419 429 sis,
1474 354 1568 413 oui
1624 354 1984 413 contrarium
2030 357 2121 413 θεὴ
2167 346 2408 432 (Heaut.
2468 356 2523 414 V

496 445 550 510 1,
589 445 700 512 48,·
746 441 975 500 Rorm.
1014 443 1059 500 I
1090 445 1147 511 4,
1182 434 1295 523 26)
1344 438 1485 503 ‘non
1531 461 1662 501 sum
1709 442 1870 518 apud
1913 436 2049 501 me'.

329 535 452 592 409
624 524 668 588 6
719 532 753 588 1
802 548 983 607 uonq
1024 549 1104 591 vr
1149 548 1373 590 Possm
1420 550 1585 592 nAve
1651 524 1766 590 ‘ut’
1815 550 1888 590 ne
1934 550 2069 589 non.
2254 535 2290 590 2
2338 550 2512 591 nono

489 638 570 678 v'r
616 636 838 678 Possm
885 639 921 678 a
964 620 1250 694 possibili.
1391 622 1428 680 3
1477 638 1697 680 possm
1745 620 1903 695 apud
1946 639 2040 678 me
2088 639 2229 679 θεεθ.

327 713 450 769 410
624 701 660 766 7
709 712 739 766 1
782 725 1085 774 NVMQVAM
1114 726 1306 767 1101)OE
1336 727 1544 770 'mcvu
1574 710 1648 768 ab
1676 710 1814 767 utili
1842 711 2071 768 euentu.
2191 711 2226 767 2
2269 704 2511 768 ‘Num-
2567 730 2592 771 5

488 791 727 872 quam'
774 797 908 873 plus
948 799 1403 858 asseuerationis
1439 799 1619 858 habet
1664 817 1842 873 quam
1880 792 2062 872 ειιοιΰ,
2108 800 2178 857 ut
2213 797 2511 876 Vergilius

489 879 662 965 (Aen.
701 886 787 944 II
819 877 975 967 670)
1022 881 1379 962 ‘numquam
1420 905 1621 947 omnes
1663 887 1838 946 hodie
1874 907 1948 944 m.
1986 880 2049 944 i.'
2185 888 2223 946 3
2272 905 2511 947 connv-

488 993 779 1035 TA'I'VRVM
814 993 1063 1033 PATRI-m
1100 976 1360 1054 iurgium
1396 976 1754 1034 habiturum.
1835 977 1941 1035 hoc
1985 980 2068 1035 est
2111 979 2262 1035 enim
2308 971 2513 1035 ‘uerba

488 1058 876 1123 eommutare'.
1039 1067 1079 1122 4
1135 1068 1642 1125 co'MMv'rA'rVRVM
1689 1064 2126 1124 altercaturum.
2217 1066 2282 1122 in
2325 1065 2510 1124 Phor-

486 1154 681 1211 mione
729 1154 813 1212 sic
859 1146 995 1233 (IV
1025 1155 1092 1227 3,
1137 1146 1441 1234 33—34)
1489 1148 1630 1213 ‘tria
1675 1173 1795 1212 non
1840 1154 2278 1213 commutabitis
2329 1154 2512 1213 uerba
2539 1175 2594 1213 ιο

482 1242 661 1314 hodie
714 1243 871 1301 inter
925 1237 1074 1316 uos’,
1131 1243 1288 1318 quod
1345 1246 1436 1302 θεὴ
1499 1243 1772 1302 dabitis
1831 1246 2044 1318 atque
2099 1243 2512 1318 accipietiS,

486 1330 551 1389 id·
592 1334 686 1390 θεὴ
729 1331 1060 1409 iurgabitiS.
1243 1334 1280 1391 5
1329 1333 1459 1409 Ego
1505 1335 1652 1409 puto
1700 1326 2085 1390 ‘commutare
2131 1326 2334 1391 uerba'
2384 1350 2510 1391 θεεθ

485 1440 611 1495 pro
657 1420 861 1479 bonis
909 1420 1126 1479 dictis
1170 1422 1360 1479 mala
1406 1421 1764 1499 ingerere,
1807 1420 1919 1479 hoo
1964 1424 2054 1479 est
2097 1421 2406 1479 iracundia
2447 1421 2510 1479 in

485 1508 804 1569 maledicta
851 1509 1140 1584 compelli.

1474 1671 1527 1728 5.

320 1779 446 1836 412
620 1768 656 1833 l
712 1779 745 1833 1
803 1792 958 1835 mzvs
1012 1794 1098 1832 im
1144 1793 1426 1835 ammons
1471 1794 1666 1837 imave
1712 1796 1750 1834 1.
1798 1796 1851 1833 P.
1900 1796 1958 1834 H.
2008 1795 2062 1835 o.
2129 1776 2264 1834 uide
2328 1795 2508 1851 quam
2537 1796 2594 1837 15

482 1867 656 1938 mire,
713 1882 845 1922 oum
899 1883 1098 1923 omnes
1155 1865 1422 1924 consulto
1478 1866 1722 1924 consilio
1778 1865 1891 1924 sibi
1947 1884 2118 1943 agere
2175 1865 2508 1940 uideantur,

484 1972 684 2013 omnes
729 1956 930 2021 tamen
974 1973 1172 2012 rerum
1218 1955 1380 2014 exitu
1425 1955 1735 2030 inopinato
1782 1954 2180 2029 ludificentur,
2236 1957 2297 2013 θὴ
2342 1953 2506 2015 Simo

483 2046 543 2101 θὴ
588 2041 934 2117 Pamphilus
980 2046 1041 2101 θὴ
1085 2044 1291 2103 Dauus
1339 2048 1401 2104 θὴ
1448 2043 1736 2103 Charinus
1782 2047 1843 2102 θὴ
1885 2047 2012 2120 ipse
2057 2043 2287 2118 Byrria.

627 2164 654 2211 1
693 2161 741 2211 t·
780 2160 831 2212 T
856 2160 864 2227 1
897 2159 1037 2226 εᾲίθε
1069 2160 1132 2226 Ο,
1163 2160 1239 2213 eis
1259 2160 1314 2214 A
1334 2161 1398 2227 V,
1429 2178 1476 2213 e·
1507 2160 1576 2228 T,
1604 2177 1705 2215 om.
1727 2160 1784 2213 Β
1814 2163 1822 2228 Ι
1854 2175 1954 2228 pro
1978 2162 2209 2228 paratus
2238 2158 2503 2213 Sabbad.:

480 2231 813 2299 preparatus
850 2230 1047 2300 ATU,
1084 2233 1315 2301 paratus
1356 2233 1436 2301 B,
1476 2249 1574 2286 om.
1623 2231 1710 2300 71
1756 2230 1832 2283 eie
1870 2247 1968 2285 om.
2014 2229 2187 2285 TCV
2222 2230 2230 2301 Ι
2276 2233 2363 2284 θεὴ
2397 2247 2500 2284 om.

479 2355 536 2408 Β
590 2356 609 2424 ι]
664 2360 695 2407 2
731 2372 846 2410 non
890 2357 954 2409 in
987 2373 1096 2410 ras,
1144 2355 1228 2409 V'
1280 2358 1298 2424 u
1353 2361 1385 2408 3
1424 2357 1489 2408 ut
1524 2306 1605 2423 (ἔξ
1641 2355 1709 2425 Ο)
1752 2371 1866 2409 non
1900 2371 1971 2408 ne
2006 2354 2127 2421 TC,
2166 2331 2354 2408 utpii’e
2387 2371 2504 2408 non

481 2427 626 2495 (eser.
665 2443 732 2480 m.
762 2430 821 2492 2)
868 2428 921 2481 V
957 2428 965 2496 Ι
1015 2446 1163 2481 nono
1202 2444 1300 2481 om.
1344 2426 1397 2478 V
1445 2429 1464 2496 ΙΙ
1516 2432 1549 2479 4
1586 2425 1797 2495 poesim
1842 2425 2072 2498 (dane)
2123 2425 2173 2479 V
2208 2428 2216 2494 Ι
2266 2428 2504 2507 pessunt

481 2498 1634 2649 “ffffitessniu⁶Bffissfffl⁰2¹fflssffl
1657 2496 2006 2634 ffaffafflsst
2026 2529 2101 2635 {fl
2123 2496 2500 2648 ⁷323?ssss

479 2642 538 2694 θὴ
575 2643 780 2694 euentu
814 2642 822 2709 1
853 2640 1174 2708 Numquam
1203 2670 1268 2679 —-
1302 2647 1329 2690 7
1370 2657 1458 2692 m·
1482 2657 1535 2691 ι·
1575 2656 1673 2694 om.
1713 2641 1769 2694 Β
1798 2642 1817 2708 ΙΙ
1845 2646 1876 2693 6
1915 2640 2357 2693 adseueratiome
2397 2639 2453 2691 A
2480 2641 2500 2708 fl

481 2716 510 2763 7
548 2729 619 2764 m.
649 2710 712 2791 i.]
750 2711 1051 2766 moriemur
1086 2709 1255 2764 inulti
1302 2711 1356 2764 V
1391 2712 1411 2780 ΙΙ
1466 2715 1497 2764 8
1534 2728 1742 2763 mma
1777 2728 1877 2766 om.
1919 2712 1973 2765 Β
1995 2712 2079 2780 Vl
2111 2708 2500 2763 habitaturum

477 2784 533 2837 A
573 2785 582 2851 Ι
624 2798 772 2835 emm
811 2784 899 2837 θεὴ
933 2783 1025 2852 Vn
1053 2788 1084 2835 9
1121 2783 1340 2834 mutare
1378 2782 1531 2835 codd.
1566 2785 1574 2849 Ι
1607 2781 2057 2836 commitaturum
2091 2782 2144 2835 A
2171 2781 2191 2848 ΙΙ
2221 2784 2287 2832 10
2324 2778 2373 2832 εἰ
2408 2780 2460 2833 Τ
2485 2780 2494 2851 Ι
2567 2803 2574 2811 -

476 2870 590 2907 non
627 2870 730 2908 om.
769 2855 825 2908 Β
866 2857 874 2924 1
916 2851 1362 2922 θοωωυὴθῦίὴίε]
1400 2869 1522 2906 θεεθ
1558 2852 1805 2907 mutabis
1847 2854 1952 2907 TC
2000 2854 2018 2922 11
2074 2858 2136 2904 11
2178 2849 2309 2904 odio
2347 2849 2500 2904 inter

477 2941 577 2978 uos
616 2926 696 2992 A,
745 2924 894 2979 inter
927 2941 1029 2978 nos
1066 2923 1234 2977 hodie
1275 2924 1382 2978 TO
1421 2924 1430 2994 Ι
1475 2924 1625 2992 quod
1664 2925 1773 2995 θεὴ]
1819 2923 1926 2978 hoc
1963 2925 2048 2977 θεὴ
2095 2923 2156 2989 V,
2202 2921 2308 2975 hoc
2351 2922 2499 2992 Tou

479 3001 544 3049 12
581 2995 642 3048 id
678 2997 786 3066 θεὴ]
823 2995 885 3049 id
919 2996 968 3049 Τ
979 2996 1024 3050 0
1049 2997 1057 3063 Ι
1090 2995 1234 3065 θεεθ]
1271 2994 1380 3049 hoc
1408 2997 1495 3050 θεὴ
1529 2996 1652 3061 ΤΟς
1689 2995 1796 3049 hoc
1834 3010 1953 3048 esse
1983 2993 2157 3062 Steph.
2187 2994 2206 3062 ΙΙ
2237 2995 2302 3045 18
2340 2992 2497 3047 mala

476 3084 577 3123 om.
620 3066 727 3121 TO
753 3070 762 3137 Ι
793 3066 900 3125 hoc
937 3067 1047 3138 θεὴ]
1084 3065 1196 3120 Ιιοθ
1230 3065 1354 3134 ΤΟ,
1393 3066 1455 3119 id
1492 3069 1578 3120 θεὴ
1614 3068 1670 3121 Β
1702 3071 1711 3134 Ι
1741 3066 1802 3120 in
1842 3065 1942 3133 0²,
1980 3067 2038 3119 θὴ
2076 3064 2151 3118 0¹
2179 3065 2199 3133 ΙΙ
2228 3070 2295 3117 14
2328 3063 2498 3118 malie

477 3138 632 3193 dicta
675 3140 764 3207 ΤΙΙ
809 3145 874 3192 15
913 3137 1049 3193 Crus
1087 3153 1176 3191 me
1213 3140 1295 3205 A,
1334 3137 1502 3191 herus
1538 3154 1628 3191 me
1668 3136 1733 3204 0,
1778 3154 1902 3191 erus
1940 3152 2094 3190 meus
2133 3136 2213 3204 B,
2252 3151 2352 3189 om.
2399 3135 2491 3209 7]

473 3208 639 3264 relic·
672 3211 754 3277 Β,
793 3208 1028 3264 Delictis
1066 3210 1153 3278 71
1185 3228 1352 3263 minvs
1381 3241 1448 3248 —
1480 3228 1512 3262 o
1536 3209 1573 3280 ·]
1611 3208 1777 3263 rebus
1815 3207 2195 3276 omnibus-p·
2234 3205 2301 3274 Ο,
2340 3223 2454 3260 r-o
2481 3238 2493 3249 ·

472 3298 543 3349 p·
582 3281 652 3348 T,
690 3298 791 3336 om.
831 3281 886 3334 Β
934 3283 942 3349 1
992 3280 1122 3334 uide
1161 3284 1247 3349 (ex
1283 3281 1416 3333 inde
1453 3297 1589 3335 corr.
1628 3297 1696 3333 m.
1724 3282 1783 3348 2)
1829 3279 1882 3331 V
1928 3281 1947 3347 u
2002 3284 2067 3331 16
2104 3277 2245 3332 mire
2281 3281 2345 3332 in
2378 3296 2494 3334 ras.

486 3350 583 3416 V',
619 3367 708 3404 me
745 3352 867 3407 AB
917 3355 925 3421 Ι
977 3369 1102 3405 cum
1138 3353 1202 3405 in
1235 3369 1347 3406 ras.
1394 3350 1478 3404 V¹
1526 3357 1534 3419 Ι
1585 3349 1816 3405 consilio
1857 3349 2175 3421 (coneilio)
2214 3348 2325 3403 sibi
2361 3366 2499 3403 con-

475 3420 622 3472 sulto
661 3422 716 3473 B
749 3426 756 3488 Ι
789 3422 899 3475 eibi
944 3440 1044 3477 om.
1080 3423 1225 3491 Tou
1255 3429 1317 3476 17
1359 3425 1547 3476 tamen
1585 3437 1777 3476 omnes
1821 3421 1959 3489 TC!
1993 3421 2205 3474 exitum
2248 3421 2316 3487 T,
2354 3420 2504 3477 exiit

476 3491 530 3540 A
571 3492 579 3555 Ι
618 3489 909 3558 inopinato
949 3500 1074 3547 ante
1109 3510 1293 3546 rerum
1332 3496 1387 3547 Β
1477 3492 1837 3547 ludificantur
1884 3493 1963 3560 B,
2012 3495 2297 3547 -ea-rentur
2347 3493 2451 3546 TC
2483 3494 2495 3561 1

477 3558 535 3607 θὴ
581 3556 730 3610 Simo
762 3591 826 3598 —
860 3568 924 3613 18
962 3563 1161 3630 Byrria
1196 3581 1295 3618 om.
1349 3566 1400 3617 T
1485 3567 1503 3633 ΙΙ
1551 3570 1615 3617 18
1654 3563 1832 3620 dauns
1871 3567 1929 3618 θὴ
1965 3582 2126 3633 pam·
2151 3567 2209 3617 θὴ
2244 3562 2392 3617 cari·
2433 3564 2499 3618 B
