2669 3938
369 216 502 279 272
990 213 1270 267 DONATI
1306 213 1776 268 COMMENTVM

373 384 572 425 omnes
627 365 1019 425 meminerint.
1212 367 1249 423 3
1315 382 1566 422 PnAsMA
1630 368 1821 423 autem
1884 383 2097 423 nomen
2152 365 2390 423 fabulae

371 453 681 513 Menandri
728 457 842 529 est,
888 454 950 512 in
998 473 1116 529 qua
1161 473 1417 512 nouerca
1463 453 1817 529 superducta
1863 452 2227 512 adulescenti
2271 455 2391 510 uir·

370 545 597 621 ginem,
636 562 815 618 quam
844 563 914 601 ex
939 544 1135 602 uicino
1165 543 1420 617 quodam
1452 545 1820 618 conceperat,
1858 542 2068 600 furtim
2103 542 2392 615 eductam,

374 652 506 691 cum
541 632 786 691 haberet
819 633 884 690 in
921 632 1163 691 latebris
1194 631 1352 707 apud
1379 632 1643 689 uicinum
1670 631 2028 707 proximum,
2065 632 2176 691 hoc
2216 631 2390 689 modo

370 741 571 782 secum
605 721 863 779 habebat
900 721 1134 780 assidue
1172 722 1337 779 nullo
1377 723 1635 779 conscio:
1671 721 1983 795 parietem,
2024 722 2127 795 qui
2162 720 2390 778 medius
2447 741 2472 781 5

371 813 529 869 inter
576 810 815 869 domum
859 811 1063 869 mariti
1109 828 1178 868 ac
1212 809 1398 868 uicini
1435 811 1656 884 fuerat,
1701 810 1788 866 ita
1826 809 2110 886 perfodit,
2157 812 2225 867 ut
2260 809 2391 884 ipso

371 900 630 959 transitu
668 918 900 959 sacrum
938 901 1135 959 locum
1173 917 1295 958 esse
1334 898 1641 957 simularet
1679 917 1927 973 eumque
1956 898 2276 957 transitum
2303 898 2390 954 in-

369 989 642 1047 tenderet
687 989 857 1047 sertis
906 1007 974 1047 ac
1018 988 1224 1047 fronde
1271 987 1432 1046 felici
1476 1008 1601 1046 rem
1647 987 1913 1045 diuinam
1959 1007 2133 1064 saepe
2170 987 2390 1045 faciens

376 1083 436 1137 et
493 1081 735 1137 uocaret
794 1077 868 1136 ad
928 1096 988 1136 se
1053 1076 1363 1153 uirginem.
1471 1077 1628 1151 quod
1683 1095 1815 1134 cum
1876 1077 2393 1135 animaduertisset

373 1166 743 1241 adulescens,
788 1167 981 1243 primo
1020 1168 1262 1241 aspectu
1307 1166 1588 1241 pulchrae
1634 1165 1883 1243 uirginis
1930 1168 2099 1225 uelut
2134 1164 2391 1223 numinis
2422 1187 2473 1226 10

374 1257 509 1316 uisu
554 1257 858 1332 perculsus
905 1255 1229 1329 exhorruit,
1276 1256 1432 1313 wude
1466 1256 1705 1327 fabulae
1739 1256 1999 1314 Phasma
2042 1273 2250 1314 nomen
2287 1257 2391 1328 est3

373 1345 585 1404 deinde
629 1346 924 1420 paulatim
967 1363 1030 1402 re
1078 1343 1315 1421 cognita
1361 1345 1580 1402 exarsit
1615 1344 1678 1401 in
1717 1364 1976 1403 amorem
2010 1345 2244 1420 puellae
2289 1343 2395 1415 ita,

376 1438 445 1494 ut
489 1434 812 1493 remedium
855 1436 1060 1492 tantae
1099 1431 1443 1508 cupiditatis
1481 1433 1597 1491 nisi
1645 1452 1714 1490 ex
1750 1434 1976 1509 nuptiis
2012 1453 2132 1492 non
2176 1432 2394 1507 reperi-

374 1527 554 1582 retur.
658 1523 860 1598 itaque
909 1542 978 1580 ex
1025 1521 1327 1579 commodo
1373 1523 1581 1580 matris
1630 1541 1698 1581 ac
1743 1523 1995 1598 uirginis
2042 1524 2101 1580 et
2138 1540 2208 1579 ex
2252 1523 2394 1579 uoto

379 1614 661 1671 amatoris
718 1629 1119 1685 consensuque
1173 1610 1363 1685 patris
1419 1611 1763 1686 nuptiarum
1819 1611 2159 1671 celebritate
2218 1609 2396 1667 finem
2425 1630 2476 1670 15

377 1701 595 1777 accipit
639 1701 860 1759 fabula.
1042 1701 1081 1756 4
1137 1698 1355 1756 Utrum
1411 1718 1547 1777 ergo
1595 1700 1706 1759 hoc
1752 1699 1937 1774 dicat,
1993 1699 2150 1776 quod
2205 1701 2397 1757 totam

378 1790 645 1850 fabulam
688 1788 1094 1848 transferendo
1142 1789 1382 1846 laeserit
1435 1788 1682 1847 Luscius
1727 1788 2100 1864 Lanuuinus,
2155 1807 2233 1846 an
2277 1806 2396 1845 non

377 1881 513 1953 hoc,
589 1878 660 1936 de
722 1897 836 1952 quo
896 1879 1131 1936 tantum
1200 1878 1618 1953 reprehendat,
1683 1877 1784 1936 sed
1846 1878 1939 1938 his
2001 1877 2183 1956 signis
2248 1877 2398 1934 uelit
2467 1895 2475 1905 ·

376 1967 710 2042 ostendere,
767 1987 943 2042 quem
988 1965 1147 2025 dicat
1192 1966 1408 2027 uitiose
1456 1967 1822 2025 Thesaurum
1869 1966 2282 2044 composuisse,
2328 1968 2398 2023 ut

376 2058 441 2115 in
480 2058 780 2115 Thesauro
818 2056 898 2114 sit
935 2056 1134 2131 culpa,
1173 2075 1291 2114 non
1327 2057 1392 2115 in
1428 2055 1784 2115 Phasmate?
1922 2059 1958 2115 5
1998 2073 2156 2117 NVNC
2194 2074 2398 2114 NVPER
2425 2078 2478 2116 20

378 2163 569 2204 Dnnrr
626 2139 877 2220 ‘nuper'
934 2164 1005 2204 ex
1057 2145 1179 2204 illis
1235 2147 1432 2205 uerbis
1489 2148 1604 2219 est,
1665 2163 1815 2220 quae
1870 2148 2098 2204 ueteres
2153 2148 2398 2220 propter

379 2234 832 2311 ambiguitatem
887 2253 1020 2293 cum
1076 2234 1405 2294 adiectione
1458 2235 1861 2310 proferebant,
1925 2255 2065 2293 nam
2118 2233 2235 2292 nisi
2297 2232 2396 2291 ad-

377 2325 543 2383 deret
572 2317 789 2399 ‘nunc',
835 2325 947 2383 hoc
976 2318 1207 2399 ‘nuper’
1238 2326 1433 2399 olim,
1469 2323 1747 2399 pridem
1783 2324 1967 2383 etiam
1993 2322 2396 2400 significasset.

525 2464 552 2511 1
591 2456 962 2512 meminerant
1004 2458 1086 2526 Τ1
1130 2461 1320 2511 autem
1356 2475 1455 2512 om.
1494 2458 1550 2510 Β
1583 2459 1590 2525 1
1631 2458 1926 2511 menandri
1962 2456 2153 2512 fabule
2196 2457 2268 2524 T,
2314 2455 2399 2509 fa-

378 2529 549 2584 bulae
586 2530 642 2582 Β
678 2532 696 2598 11
742 2535 771 2581 2
812 2532 898 2583 est
934 2546 1034 2583 om.
1074 2531 1130 2583 Β
1151 2530 1237 2600 V!
1271 2529 1610 2598 supraducta
1650 2528 1697 2582 0
1723 2530 1730 2597 1
1763 2528 1984 2598 uirgine
2021 2531 2077 2582 Β
2111 2530 2130 2596 11
2179 2532 2210 2579 3
2249 2526 2398 2581 uicio

380 2603 462 2669 Β,
518 2599 667 2655 uitio
713 2601 767 2654 V
809 2602 817 2671 1
866 2599 1063 2653 furtim
1106 2600 1368 2653 eductam
1405 2600 1614 2667 &ephe
1671 2598 1894 2653 fortune
1933 2599 2161 2671 (furtiue
2207 2598 2310 2652 TC
2324 2598 2398 2666 V)

383 2672 613 2726 ductam
649 2673 802 2726 codd.
849 2674 867 2741 11
923 2677 953 2725 5
990 2670 1203 2725 habeat
1242 2672 1287 2726 Ο
1329 2672 1338 2741 1
1385 2670 1577 2724 concio
1614 2671 1831 2739 pariete
1875 2673 1926 2725 T
1972 2675 1990 2741 11
2045 2676 2075 2723 6
2113 2669 2266 2723 intra
2305 2669 2352 2723 (J
2382 2671 2431 2739 11

383 2767 413 2813 7
454 2762 597 2831 esse]
634 2745 703 2814 ἐἶ
732 2760 777 2814 Ο
824 2761 833 2828 1
883 2776 1120 2827 eumque
1166 2760 1270 2815 W.:
1319 2774 1554 2826 cumque
1591 2760 1771 2827 codd.;
1835 2776 1959 2813 cum
1997 2759 2157 2813 Sabb.
2205 2760 2223 2827 11
2271 2762 2302 2811 8
2340 2762 2399 2823 in

382 2866 544 2919 sertis
576 2866 658 2935 01
692 2843 791 2935 sepe
823 2867 867 2921 Ο
880 2867 895 2896 ¹
942 2868 960 2935 11
1008 2871 1071 2919 11
1110 2882 1405 2935 percussus
1442 2866 1513 2933 V,
1562 2867 1650 2934 (ex
1685 2883 1747 2919 -u
1783 2882 1919 2921 corr.
1957 2883 2025 2919 m.
2062 2865 2120 2934 2)
2171 2865 2218 2919 0
2254 2869 2261 2934 1
2302 2882 2402 2919 no·

382 2954 511 2992 men
556 2939 641 2991 est
686 2938 922 3005 phasma
965 2938 1067 2991 TO
1109 2940 1116 3005 1
1163 2939 1248 2990 est
1285 2954 1384 2991 om.
1423 2937 1480 2989 Β
1533 2938 1551 3006 11
1599 2942 1664 2990 12
1712 2936 1989 3006 paulatim
2025 2954 2124 2991 om.
2168 2937 2308 3006 TU}
2341 2935 2401 2989 in

383 3008 650 3079 amorem]
690 3024 877 3061 amore
921 3007 1025 3061 Tc]
1045 3009 1064 3077 11
1095 3013 1159 3060 13
1197 3010 1263 3060 ut
1299 3024 1398 3061 om.
1444 3010 1495 3062 T
1521 3008 1528 3077 1
1561 3007 1842 3077 cupidinis
1878 3007 1991 3061 nisi
2025 3006 2241 3076 nuptiis
2278 3023 2401 3076 rep-

380 3078 631 3147 perietur
665 3080 721 3132 Β
766 3080 785 3147 11
833 3084 899 3132 14
936 3077 1020 3132 ita
1058 3080 1115 3133 Β
1147 3081 1153 3147 1
1189 3078 1277 3149 ac]
1317 3079 1564 3147 etBV!
1598 3080 1676 3160 et]
1718 3095 1783 3132 ac
1831 3080 1916 3148 V!
1950 3096 2018 3133 ex
2053 3081 2174 3132 toto
2213 3095 2402 3133 amore

384 3148 504 3217 g-ris
547 3150 620 3218 Τ)
659 3165 1032 3217 concessuque
1076 3150 1178 3203 ΤΟ
1201 3153 1219 3219 11
1259 3156 1322 3203 15
1362 3149 1471 3204 fine
1516 3152 1583 3216 T,
1624 3167 1743 3205 sine
1787 3150 1870 3219 011
1912 3156 1975 3203 16
2026 3149 2246 3218 accepit
2287 3150 2408 3203 TV

384 3221 461 3282 (Β
479 3226 514 3273 t.
536 3220 718 3287 Sabb.)
752 3222 761 3289 1
791 3219 975 3273 fabi-ia
1001 3221 1052 3274 T
1076 3223 1083 3288 1
1119 3220 1272 3273 dicat
1300 3220 1406 3274 hoc
1431 3221 1535 3275 TC
1562 3223 1569 3291 1
1604 3222 1775 3293 quod]
1807 3239 1908 3290 per
1929 3223 1980 3275 T
2008 3222 2016 3290 1
2048 3222 2253 3292 totam]
2275 3224 2400 3274 tan-

383 3291 503 3341 tam
523 3290 697 3344 BC'V
723 3292 741 3358 11
772 3296 836 3343 17
858 3289 1037 3343 lucius
1058 3291 1255 3359 BTC,
1285 3291 1339 3344 l·
1372 3292 1424 3345 V
1449 3296 1456 3360 1
1489 3290 1734 3345 lauinius
1766 3294 1827 3361 V,
1857 3292 2122 3345 lascinins
2160 3294 2220 3358 T,
2249 3291 2399 3345 laca-

383 3358 528 3410 mius
562 3359 617 3427 O,
646 3359 704 3412 la
724 3390 735 3401 ·
767 3362 824 3414 Β
856 3361 863 3433 1
897 3378 970 3414 an
998 3361 1202 3429 Stepha
1242 3379 1309 3416 ac
1340 3364 1530 3431 BCV,
1570 3365 1631 3416 at
1662 3364 1713 3416 T
1736 3367 1754 3433 11
1785 3370 1849 3416 18
1886 3362 2319 3432 reprehenderet
2345 3364 2402 3417 Β

386 3426 531 3503 (-dat
560 3446 625 3481 ew
652 3429 763 3483 -dit
789 3437 824 3485 t.
852 3431 1034 3501 Sabb.)
1067 3436 1074 3500 1
1108 3431 1265 3487 uelut
1294 3434 1517 3488 credere
1553 3436 1603 3487 T
1622 3437 1640 3504 11
1671 3439 1735 3486 19
1774 3433 2104 3503 imposuisse
2143 3435 2214 3502 V,
2254 3450 2403 3487 com-

386 3509 528 3556 Pone
564 3499 613 3549 T
650 3500 669 3564 11
715 3505 782 3579 2ρ
822 3500 981 3570 culpe
1018 3504 1081 3555 in
1118 3519 1216 3571 -pa
1244 3520 1380 3557 corr.
1415 3504 1492 3558 0²
1522 3507 1530 3574 1
1563 3505 1622 3556 in
1651 3512 1705 3559 2.
1737 3522 1836 3559 om.
1869 3505 2042 3560 BTC'
2073 3507 2091 3574 11
2131 3510 2195 3557 21
2236 3524 2402 3559 nanu·

386 3565 585 3631 nuper]
624 3566 781 3621 dedit
816 3587 963 3624 nunc
999 3589 1177 3641 nuper
1223 3575 1284 3640 V,
1322 3574 1480 3629 dedit
1518 3577 1590 3643 B,
1629 3591 1730 3630 om.
1766 3577 1815 3629 T
1826 3576 1870 3630 Ο
1894 3579 1913 3645 11
1940 3581 2006 3628 23
2047 3578 2104 3629 et
2142 3575 2259 3629 iam
2301 3579 2350 3631 Τ
2360 3577 2408 3632 0
