2669 3938
1702 65 1783 120 [tm
1840 77 1891 130 ς’,
1917 91 1969 124 2,
2008 99 2045 132 ,2
2130 99 2137 106 J

834 229 1187 285 EVNVCHV
1190 230 1227 285 S
1255 231 1332 284 ΠΙ
1363 237 1411 301 1,
1441 236 1667 286 43-56,
2137 229 2266 293 367

248 380 552 459 οἰκονομία
615 384 730 456 est,
798 399 919 457 qua
982 382 1292 442 Terentius
1357 384 1703 458 praeparat,
1776 380 2270 457 quemadmodum

247 471 505 548 iurgium
549 471 705 530 inter
742 470 1030 529 Thaidem
1069 473 1436 546 militemque
1475 473 1535 530 et
1572 469 1941 529 Gnathonem
1977 490 2086 546 per
2122 470 2268 529 duas

246 562 442 636 partes
479 562 682 637 serpat
718 560 971 618 fabulae.
1092 562 1129 619 3
1169 561 1255 619 Et
1286 562 1433 620 bene
1471 554 1818 634 ‘continuo',
1853 562 1924 618 ut
1958 559 2269 637 intellegat

248 650 524 708 meretrix
566 667 685 707 non
727 651 854 707 tam
888 648 1265 724 Pamphilam
1302 651 1491 709 amari
1528 668 1709 725 quam
1746 649 1860 708 sibi
1895 649 2086 707 uicem
2122 648 2266 706 dari.

91 747 212 802 441
381 731 471 797 52
544 742 576 797 1
645 755 1009 796 PAMPHILAM
1083 756 1417 798 CANTATVM
1478 755 1886 798 PROVOOEMVS
1951 738 2269 815 eleganter,
2323 758 2350 798 5

251 827 389 902 quia
432 827 536 886 ille
581 827 726 886 foris
772 829 879 901 est,
923 827 1070 886 haec
1104 829 1284 902 intus,
1328 828 1503 886 illum
1540 821 2074 901 ‘intromittamus’,
2118 826 2271 884 hanc

251 910 708 992 ‘prouocemus'z
744 915 890 974 haec
926 919 1016 975 est
1050 917 1114 974 in
1146 918 1344 977 uerbis
1372 919 1584 994 poetae
1613 936 1892 994 germana
1919 916 2268 992 proprietas.

87 1014 211 1070 444
382 998 475 1064 54
532 1024 613 1065 'rv
657 1023 840 1065 nvnrs
887 1023 1131 1065 comm
1173 1007 1287 1065 hoc
1333 1000 1587 1065 ‘contra'
1633 1007 1860 1065 uicem
1906 1004 2216 1083 sig-nificat.

86 1101 213 1159 445
383 1087 474 1152 55
536 1098 569 1153 1
623 1112 788 1160 Qvon
843 1112 973 1152 EAM
1027 1113 1324 1154 uossnnAm
1383 1090 1589 1170 ‘quod'
1641 1115 1784 1172 par.
1923 1096 1959 1152 2
2017 1094 2114 1152 An
2170 1093 2270 1151 ab·

250 1183 440 1243 solute
488 1177 694 1259 ‘quod'
742 1203 919 1259 quae
964 1183 1117 1243 res?
2298 1205 2351 1245 ιο

85 1281 214 1338 446
383 1265 476 1331 56
546 1276 579 1331 1
650 1289 946 1337 smvmnu
1013 1292 1098 1331 un
1163 1291 1416 1332 AMARET
1481 1292 1607 1334 ’ΝΜ
1671 1290 1850 1332 ls'rvc
1914 1288 2271 1330 Paonnssn'r

251 1379 498 1421 GNATHO
544 1361 643 1420 hic
686 1362 1012 1421 uersiculus
1057 1381 1372 1438 personam
1415 1363 1627 1422 militis
1675 1364 1735 1421 et
1771 1360 2100 1420 Gnathonis
2137 1379 2271 1420 con-

249 1451 442 1510 tinens
493 1469 602 1526 pro
657 1453 998 1510 oeconomia
1041 1451 1368 1527 inducitur,
1427 1471 1544 1527 qua
1598 1452 1920 1510 uerisimile
1972 1450 2043 1507 fit
2096 1449 2272 1508 facile

249 1540 499 1599 militem
534 1541 688 1598 ferre
723 1558 897 1615 posse
936 1542 1215 1617 anteponi
1252 1542 1368 1600 sibi
1394 1540 1764 1616 Phaedriam,
1800 1540 1907 1616 qui
1945 1558 2006 1598 se
2044 1556 2274 1613 semper

248 1630 607 1688 intellexerit
652 1648 771 1688 non
809 1631 1011 1688 amari.
1086 1650 1226 1687 nam
1263 1632 1315 1689 si
1350 1630 1461 1689 hoc
1498 1630 1693 1705 tollas,
1737 1632 1841 1687 aut
1878 1627 2271 1688 excludendus
2300 1648 2351 1689 1⁵
2418 1661 2437 1678 ο

251 1721 340 1777 est
374 1718 667 1776 Phaedria
713 1721 818 1777 aut
862 1737 933 1777 ex
977 1718 1178 1778 dolore
1223 1719 1434 1778 militis
1479 1720 1543 1777 in
1586 1718 1699 1778 hac
1735 1718 1940 1776 fabula
1974 1717 2044 1775 fit
2080 1717 2271 1775 exitus

247 1808 527 1884 tragicus,
693 1810 729 1866 2
776 1808 863 1866 Et
904 1809 1015 1866 hoc
1060 1809 1231 1867 miles
1277 1812 1346 1867 ut
1391 1809 1628 1884 sapiens
1672 1809 1904 1867 locutus
1952 1809 2057 1865 est.
2133 1823 2272 1883 ergo

248 1897 584 1956 meminisse
631 1898 908 1956 conuenit
950 1896 1232 1956 ridiculas
1279 1916 1562 1975 personas
1607 1915 1728 1955 non
1774 1896 2012 1956 omnino
2057 1896 2272 1954 stultas

250 1989 312 2045 et
357 1987 630 2046 excordes
675 1987 880 2046 induci
925 2006 962 2045 a
1008 1988 1199 2063 poetis
1248 1989 1504 2062 comicis,
1558 2007 1699 2045 nam
1744 1987 1912 2045 nulla
1957 1983 2272 2044 delectatio

251 2077 367 2150 est,
422 2075 523 2133 ubi
572 2077 810 2135 omnino
858 2077 964 2151 qui
1011 2075 1312 2136 deluditur
1355 2077 1507 2134 nihil
1553 2078 1726 2152 sapit.
1909 2076 1946 2133 3
1998 2074 2273 2133 Stultitia
2301 2097 2354 2136 πο

251 2166 450 2223 autem
496 2168 586 2224 est
629 2166 693 2222 in
736 2165 829 2224 his
877 2167 1159 2240 quattuor
1204 2167 1422 2225 modis:
1470 2168 1575 2224 aut
1618 2184 1738 2224 non
1774 2165 1975 2224 uenire
2012 2165 2077 2221 in
2112 2183 2273 2221 men-

247 2256 372 2313 tem
428 2253 585 2329 quod
640 2256 873 2329 oportet
928 2255 1034 2313 aut
1087 2255 1141 2313 si
1184 2256 1417 2314 uenerit
1469 2274 1587 2314 non
1643 2257 1841 2313 tenere
1896 2240 2001 2312 aut
2055 2253 2275 2311 bonum

249 2343 561 2403 consilium
606 2362 726 2401 non
772 2343 1082 2402 admittere
1129 2348 1236 2403 aut
1278 2344 1505 2402 malum
1541 2343 1869 2402 admittere.
1942 2340 2079 2400 uide
2118 2360 2276 2418 ergo,

394 2482 422 2530 1
445 2477 845 2533 omfflNomla
860 2478 932 2545 Β,
948 2475 1241 2548 οἰκονομία
1260 2477 1325 2546 V,
1345 2494 1555 2533 *****
1582 2477 1685 2532 ΤΟ
1710 2479 1718 2546 Ι
1752 2476 1885 2544 quia
1905 2476 2008 2530 ΤΟ
2030 2478 2049 2545 ΙΙ
2077 2481 2108 2528 2
2128 2473 2277 2529 inter

248 2547 461 2602 taidem
501 2547 621 2618 (tha
657 2550 733 2618 Β)
770 2550 830 2603 et
863 2548 1102 2603 militem
1139 2551 1197 2603 et
1233 2551 1358 2604 BT
1408 2551 1416 2620 Ι
1477 2549 1616 2603 duas
1654 2548 1858 2618 Steph.:
1917 2562 2045 2600 suas
2082 2547 2235 2601 codd.
2255 2548 2274 2616 ΙΙ

248 2625 281 2672 3
318 2619 516 2673 fabula
550 2620 720 2674 TC'V
740 2622 759 2702 [Ι
785 2626 820 2673 4
855 2620 997 2692 tam]
1027 2621 1113 2674 tfn‘
1146 2620 1203 2688 Ο,
1230 2622 1474 2675 tamtum
1508 2622 1559 2675 T
1577 2622 1597 2690 ΙΙ
1625 2625 1656 2672 5
1693 2637 1852 2688 pam·
1891 2635 2024 2673 can·
2064 2633 2272 2687 prouo-

249 2692 305 2745 Β
331 2694 352 2760 ΙΙ
380 2696 411 2743 6
449 2689 582 2746 feris
622 2691 670 2745 Ο
697 2694 704 2760 Ι
736 2691 898 2744 illum
933 2691 1086 2746 intus
1125 2693 1181 2746 Β
1212 2696 1222 2761 Ι
1252 2691 1424 2763 hanc]
1463 2690 1622 2745 illam
1660 2692 1802 2757 BT,
1838 2688 1942 2744 illa
1981 2689 2068 2759 ΟΙΙ
2098 2694 2126 2742 7
2165 2688 2272 2743 hoc

249 2764 337 2816 est
373 2762 556 2829 codd„
592 2780 729 2818 corr.
759 2763 840 2817 ed.
866 2780 952 2832 pr.
1007 2765 1028 2832 ΙΙ
1082 2769 1114 2816 8
1154 2764 1382 2834 com-m]
1422 2764 1765 2816 constratam
1804 2762 1860 2815 Β
1918 2762 1927 2831 Ι
1984 2760 2092 2814 hoc
2131 2760 2274 2832 (et)

247 2834 438 2902 BTG,
473 2833 580 2888 hoc
609 2834 782 2908 (est)
820 2835 892 2902 V3
931 2833 1024 2889 hic
1051 2835 1132 2888 ed.
1146 2851 1236 2903 pr.
1270 2838 1278 2905 Ι
1311 2832 1831 2904 significetBGVu
1857 2838 1888 2886 9
1926 2848 2032 2901 par
2066 2831 2274 2901 edpr..

245 2956 386 3010 paro
424 2942 622 3011 (paron
661 2941 730 3011 O)
768 2941 921 2995 codd.
951 2942 971 3011 ΙΙ
1001 2946 1066 2994 10
1106 2939 1330 3009 quaeris
1367 2940 1490 3008 ΤΟ,
1529 2906 1762 3008 quaeres
1801 2942 1958 3010 (corr.
1996 2956 2066 2993 m.
2095 2942 2154 3008 2)
2192 2939 2276 3008 Vl}

249 3017 316 3064 11
356 3011 765 3082 a·t·i·p·g·
810 3012 874 3079 T,
912 3014 1128 3066 amaret
1156 3013 1258 3082 ΒΙΙ
1287 3017 1353 3065 12
1392 3011 1480 3065 his
1515 3012 1602 3080 ΤΙ
1634 3010 1927 3065 uersiculis
1956 3011 2112 3079 ΒΤΙ
2147 3026 2274 3064 con-

245 3081 564 3137 tinentibus
602 3085 657 3138 Β
675 3084 788 3152 ΤΟ,
831 3081 1248 3150 continentibus
1295 3083 1350 3136 V
1380 3084 1564 3152 (-nens
1602 3082 1748 3151 dett.)
1803 3084 1823 3152 ΙΙ
1880 3087 1945 3135 13
1985 3079 2276 3135 economia

247 3155 323 3223 B,
353 3153 610 3209 conomia
644 3155 750 3210 ΤΟ
773 3157 782 3223 Ι
813 3170 928 3222 qua
963 3155 1075 3210 W.:
1106 3154 1242 3222 quia
1268 3155 1423 3209 codd.
1457 3156 1465 3223 Ι
1499 3152 1822 3209 uerisimilis
1853 3155 1897 3209 Ο
1925 3156 1934 3223 1
1965 3153 2032 3206 fit
2057 3154 2170 3207 W.:
2201 3151 2278 3206 sit

246 3243 305 3297 B
327 3243 389 3309 V,
427 3242 458 3295 ὀ
496 3241 571 3297 sit
602 3244 659 3311 Ο,
698 3244 729 3296 ὂ
758 3242 838 3298 sic
873 3244 925 3297 Τ
943 3246 962 3312 ΙΙ
992 3249 1060 3298 14
1095 3227 1292 3312 inponi
1326 3245 1377 3297 T
1396 3245 1416 3313 ΙΙ
1446 3248 1512 3296 15
1548 3241 1714 3296 tolles
1750 3241 1852 3296 ΤΟ
1877 3244 1885 3311 Ι
1919 3241 2275 3295 excudendus

249 3314 303 3366 T
352 3316 373 3383 11
429 3319 493 3367 17
532 3314 794 3385 turgigus
829 3315 881 3369 T
919 3317 939 3383 ΙΙ
986 3319 1051 3367 18
1087 3331 1202 3368 non
1238 3315 1368 3368 add.
1407 3314 1490 3369 V'
1518 3315 1606 3383 (=
1634 3314 1809 3382 dett),
1848 3312 2271 3383 om.BTGV¹1

245 3384 454 3440 stultos
484 3387 543 3439 et
570 3386 802 3440 exordes
836 3389 887 3442 T
906 3388 926 3455 ΙΙ
954 3391 1022 3439 20
1061 3384 1183 3457 qui]
1211 3384 1350 3453 quid
1386 3387 1444 3453 T,
1484 3384 1714 3453 quidem
1744 3384 1790 3438 Ο
1810 3386 1829 3453 ΙΙ
1857 3388 1922 3436 21
1963 3386 2051 3438 est
2086 3384 2277 3436 autem

250 3456 370 3525 ΤΟ,
401 3459 595 3511 autem
633 3460 723 3527 Vn
750 3463 818 3510 22
857 3456 1057 3531 (non)
1086 3459 1309 3526 oportet
1337 3458 1468 3525 BT,
1508 3455 1662 3528 <non
1736 3456 1957 3524 oportet
1991 3456 2051 3520 V,
2079 3452 2275 3525 (non)

243 3526 424 3582 habet
463 3528 507 3583 Ο
535 3530 544 3597 Ι
576 3527 798 3582 ueniret
826 3528 872 3583 Ο
899 3531 907 3597 Ι
940 3531 1132 3582 tenere
1167 3545 1234 3582 ex
1251 3560 1320 3567 —
1340 3531 1428 3582 ret
1461 3544 1596 3582 corr.
1707 3529 1727 3595 ΙΙ
1764 3532 1831 3579 23
1868 3542 1981 3579 non
2017 3524 2277 3578 amittere

244 3601 306 3654 Β
324 3601 374 3653 Τ
400 3602 407 3667 ἰ
441 3601 542 3653 aut
576 3599 790 3653 malum
827 3597 1125 3653 admittere
1162 3615 1263 3654 om.
1294 3599 1410 3654 ΒΟ
