2669 3938
379 232 660 286 XXXVIII
1164 231 1596 287 PRAEFATIO.

378 377 628 429 nostram
666 377 912 428 aetatem
943 374 1211 444 pervenit.
1270 373 1431 439 Quod
1461 373 1633 428 etiam
1662 374 1778 428 alia
1805 374 2023 429 ratione
2052 374 2405 444 comprobari

378 448 595 515 potest:
651 462 784 498 nam
838 445 1176 499 scholiorum
1230 446 1304 499 ad
1359 445 1559 500 Heaut.
1620 444 1787 500 facile
1845 446 1955 501 duo
2012 445 2408 500 discernuntur

378 533 611 585 genera,
676 533 913 584 quorum
968 517 1208 571 alterum
1272 519 1395 570 arto
1450 517 1696 585 quodam
1749 516 1974 570 vinculo
2031 534 2158 571 cum
2208 520 2404 571 nostro

380 590 692 642 commento
731 589 1008 644 cohaeret.
1072 588 1192 642 Hoc
1227 605 1342 642 non
1378 588 1461 641 ita
1489 587 1883 657 explicandum
1912 590 2013 656 est,
2047 592 2116 642 ut
2143 591 2409 658 excerpta

380 676 447 712 ex
486 659 775 728 deperdito
804 659 1013 713 Donati
1053 659 1125 712 ad
1152 658 1312 712 illam
1349 658 1603 713 fabulam
1640 662 1953 713 commento
1989 659 2152 713 nobis
2180 662 2404 729 praesto

381 746 502 784 esse
559 747 844 796 emmaum,
903 731 1001 784 sed
1058 763 1124 770 -
1184 729 1244 783 id
1300 730 1449 798 quod
1504 730 1947 785 luculentissime
2002 730 2407 785 demonstravit

354 800 756 875 sGerstenberg
820 801 921 869 (De
978 801 1300 871 Eugraphio
1361 807 1462 855 108
1485 819 1632 869 sqq.;
1698 801 1767 855 cf.
1825 801 1997 855 etiam
2053 801 2289 871 Smutny
2345 802 2405 855 in

378 871 610 926 Dissert.
640 872 880 928 Vindob.
910 872 987 925 VI
1018 878 1120 925 134
1150 873 1276 926 adn.
1309 874 1362 942 3)
1392 904 1458 911 —
1492 889 1559 926 ex
1596 872 1843 940 quinque
1880 872 2089 927 Donati
2126 889 2405 927 commen-

379 942 541 996 tariis
577 942 741 997 nobis
779 943 1012 997 servatis
1051 943 1312 997 similiter
1349 943 1655 1025 compilata
1692 945 1838 1011 sunt,
1877 947 2047 1012 atque
2077 942 2405 1012 Calphurnii

379 1014 440 1067 in
477 1015 714 1068 eandem
752 1014 1097 1086 comoediam
1125 1013 1635 1084 interpretationes
1694 1014 1862 1069 Cuius
1889 1014 1972 1069 rei
2004 1017 2137 1068 ‘una
2165 1014 2405 1068 inveniri

378 1088 568 1156 potest
613 1102 784 1139 causa
828 1086 992 1140 haec:
1042 1085 1179 1154 quia
1219 1085 1526 1140 scholiasta
1562 1086 1660 1139 ille
1698 1086 2159 1140 commentarium
2194 1086 2404 1140 Donati

378 1157 439 1210 in
467 1173 593 1211 eam
627 1156 882 1210 fabulam
916 1174 1030 1211 non
1058 1157 1174 1210 iam
1204 1157 1427 1211 habuit’
1459 1157 1856 1228 (Gerstenberg
1886 1161 2026 1226 111).
2085 1158 2197 1210 Aut
2227 1156 2405 1227 igit-ur

379 1246 415 1281 a
452 1228 817 1298 compilatore
854 1227 1100 1297 corporis
1139 1229 1316 1282 nostri
1353 1228 1596 1282 Donatei
1644 1228 1910 1282 omissum
1952 1232 2039 1283 est
2073 1228 2216 1282 illud
2256 1245 2404 1282 com-

378 1301 630 1353 mentum
676 1302 801 1363 aut,
848 1300 999 1367 quod
1046 1316 1080 1352 a
1126 1317 1254 1353 vero
1290 1299 1519 1381 propius
1557 1300 1754 1354 abesse
1789 1299 2035 1365 videtur,
2079 1302 2209 1369 post
2243 1299 2406 1352 illum

380 1369 592 1424 excidit
636 1370 725 1439 (cf.
764 1370 1017 1424 Rabbow
1052 1389 1105 1440 p.
1138 1375 1280 1441 332).
1357 1371 1449 1425 Sic
1492 1388 1605 1425 non
1653 1370 1834 1425 solum
1872 1370 2255 1439 cognoscimus
2291 1388 2407 1438 qua

379 1444 569 1495 aetate
617 1442 952 1512 archetypus
1009 1442 1255 1496 omnium
1310 1441 1566 1496 codicum
1612 1445 1926 1496 nostrorum
1977 1442 2263 1496 confectus
2312 1441 2403 1510 sit,

377 1529 569 1566 verum
615 1512 788 1566 etiam
833 1516 1033 1567 testem
1084 1516 1373 1583 spectatae
1420 1513 1717 1567 vetustatis
1755 1512 1909 1567 nacti
1946 1530 2160 1580 sumus,
2209 1530 2404 1580 quam-

381 1601 553 1650 quam
616 1587 996 1653 excerptorem
1059 1584 1345 1638 interdum
1408 1585 1545 1638 satis
1601 1584 1778 1639 libere
1832 1585 2132 1638 commenti
2190 1587 2405 1638 textum

381 1656 657 1708 tractasse
695 1655 1106 1725 neglegendum
1140 1673 1253 1710 non
1291 1659 1392 1710 est.

521 1730 575 1795 2)
634 1725 911 1780 Scholia
975 1726 1400 1781 Victoriana.
1504 1727 1745 1780 Exstant
1795 1725 1856 1779 in
1922 1726 2113 1780 codice
2177 1726 2405 1779 Terenti

379 1795 757 1851 Laurentiano
805 1804 890 1865 38,
922 1803 990 1851 24
1041 1816 1082 1852 s.
1122 1798 1174 1850 X
1226 1798 1471 1852 frustula
1517 1798 1774 1851 Donatea
1821 1797 1893 1850 ad
1938 1798 2109 1851 Andr.
2148 1797 2225 1850 111
2255 1804 2304 1864 2,
2335 1804 2404 1850 24

379 1868 501 1920 -V
529 1874 578 1935 5,
603 1873 631 1920 7
680 1871 737 1922 et
782 1868 919 1923 Eun.
958 1869 1096 1938 prol.
1129 1869 1285 1922 5-11
1313 1876 1364 1938 2,
1384 1876 1469 1923 43.
1552 1869 1765 1922 Horum
1810 1868 2160 1937 scholiorum·
2192 1868 2403 1937 primus

377 1938 720 1994 mentionem
763 1939 901 1994 fecit
946 1940 1336 2011 Umpfenbach
1382 1939 1442 1995 in
1487 1940 1671 1995 Herm.
1701 1940 1752 1993 H
1782 1945 1910 2008 3383
1966 1939 2118 1995 idem
2162 1939 2219 1993 in
2268 1939 2400 1995 edit.

379 2012 500 2066 Ter.
538 2014 757 2080 partem
796 2011 1075 2081 excerpsit
1109 2013 1302 2082 (praef.
1333 2012 1435 2065 XX
1464 2012 1592 2066 adn.
1624 2018 1693 2082 2).
1748 2011 1889 2065 Post
1921 2011 2082 2066 illum
2108 2011 2405 2065 ediderunt

379 2081 689 2136 Sabbadini
743 2083 804 2135 in
862 2083 1049 2137 ‘Studi
1102 2083 1248 2139 ital.'
1297 2084 1351 2136 II
1378 2090 1589 2137 24—25
1647 2085 1704 2137 et
1749 2083 1972 2149 Schlee,
2029 2082 2253 2137 Scholia
2299 2082 2403 2137 Te-

377 2153 638 2207 rentiana
667 2159 892 2209 68-69,
914 2154 1103 2210 —-.His
1141 2154 1317 2225 igitur
1354 2154 1580 2209 scholiis
1617 2153 1707 2208 vel
1738 2154 1927 2223 potius
1957 2153 2159 2225 glossis
2189 2170 2405 2224 semper

378 2224 725 2294 adscriptum
759 2228 846 2279 est
875 2227 1202 2280 ‘secundum
1229 2226 1581 2296 d(onatum)'.
1658 2224 1815 2290 Quae
1850 2224 1987 2293 quin
2025 2242 2094 2279 ex
2130 2224 2405 2279 eiusmodi

330 2332 337 2337 ⁴
377 2299 707 2362 commento,
745 2296 913 2363 quale
950 2297 1114 2352 nobis
1151 2299 1379 2366 praesto
1418 2300 1519 2364 est,
1558 2299 1825 2365 excerpta
1861 2296 1991 2365 sint,
2030 2295 2280 2350 dubitari
2312 2296 2405 2349 vix

377 2369 567 2436 potest
611 2366 702 2436 (cf.
740 2384 786 2422 e.
818 2386 869 2437 g.
910 2369 979 2421 ad
1020 2368 1161 2422 Eun.
1191 2368 1243 2421 II
1273 2375 1319 2436 1,
1343 2374 1393 2436 5,
1439 2368 1539 2422 ubi
1585 2368 1743 2423 codd.
1783 2367 1991 2422 Donati
2041 2367 2225 2437 ‘Quod
2269 2370 2406 2422 mihi

379 2440 564 2493 carior
591 2455 700 2507 pro
736 2441 834 2507 qui
869 2441 1006 2493 mihi
1049 2457 1170 2494 sum
1216 2441 1440 2507 carior'‚
1479 2438 1783 2494 scholiasta
1822 2440 1944 2507 ‘pro
1980 2440 2077 2508 qui
2111 2440 2249 2492 mihi
2284 2456 2405 2493 sum

377 2510 593 2576 canor,-
629 2511 792 2564 aliter
827 2512 971 2580 quod
1008 2513 1143 2565 mihi
1177 2513 1362 2564 carior
1391 2511 1500 2565 scd.
1530 2511 1634 2564 df:
1674 2509 1733 2562 in
1762 2509 2015 2577 utrisque
2042 2510 2241 2564 eadem
2269 2509 2405 2563 lem-

377 2580 547 2634 matis
585 2581 948 2651 corruptela);
998 2582 1098 2635 sed
1134 2583 1373 2636 eundem
1411 2581 1510 2650 qui
1546 2581 1760 2636 scholia
1797 2580 2121 2634 Victoriano
2161 2581 2403 2649 addidit,

379 2668 447 2705 ea
484 2668 553 2706 ex
580 2651 802 2706 Donato
841 2652 1197 2722 exscripsisse
1232 2653 1464 2706 minime
1500 2656 1714 2707 certum
1743 2655 1843 2706 est.
1898 2651 2071 2706 Immo
2099 2669 2213 2706 non
2242 2653 2405 2706 abest
2451 2687 2456 2692 -

378 2722 622 2793 suspicio
668 2723 911 2777 frustula
956 2724 1059 2777 illa
1106 2741 1173 2778 ex
1222 2723 1333 2777 alio
1382 2723 1575 2778 codice
1611 2723 1948 2777 Terentiano
1991 2722 2051 2776 in
2089 2723 2404 2777 Victoriani

377 2794 658 2864 margines
697 2811 817 2849 esse
852 2795 1131 2849 translata
1164 2795 1252 2866 (cf.
1283 2794 1468 2864 Umpf.
1500 2795 1686 2849 Herm.
1706 2795 1758 2848 H
1777 2800 1906 2861 3383
1944 2794 2100 2848 velut
2129 2795 2201 2847 ad
2229 2795 2399 2848 Andr.

376 2865 428 2916 V
459 2873 505 2934 1,
529 2872 596 2919 20
644 2869 830 2919 exstat
878 2867 1326 2939 ‘praesenseramJ
1372 2868 1533 2921 aliter
1577 2873 1640 2920 ‘nt
1678 2867 1973 2921 secundum
2011 2867 2108 2932 d),
2154 2866 2305 2934 quod
2341 2864 2402 2917 ni

377 2936 548 2990 fallor
585 2940 907 3007 corruptum
942 2941 1028 2992 est
1065 2954 1132 2991 ex
1173 2938 1357 2993 ‘aliter
1394 2939 1468 2992 rit
1496 2954 1537 2992 s.
1568 2939 1665 3005 df,
1701 2954 1834 2990 nam
1865 2937 2131 2992 ‘senserit’
2162 2938 2404 2989 testatur

378 3006 586 3062 Donati
624 3011 1045 3079 commentum);
1085 3008 1183 3077 qui
1220 3008 1378 3062 cuius
1417 3007 1636 3089 generis
1675 3007 1847 3061 fuerit
1878 3007 1986 3061 etsi
2014 3011 2165 3062 certo
2195 3006 2402 3060 diiudi-

379 3077 496 3130 cari
533 3079 752 3147 nequit,
793 3082 983 3134 tamen
1020 3080 1089 3134 de
1127 3080 1273 3134 libro
1310 3079 1562 3134 familiae
1590 3100 1622 3148 γ
1654 3079 1800 3149 (PC)
1834 3078 2074 3149 cogitari
2101 3094 2263 3147 posse
2290 3095 2402 3132 non

378 3148 650 3204 omittam.
726 3151 948 3207 Etenim
987 3153 1060 3205 ad
1088 3152 1257 3204 Andr.
1287 3151 1365 3204 III
1394 3158 1444 3218 2,
1464 3157 1534 3203 24
1569 3150 1778 3220 legitur
1816 3152 2038 3221 εοσσερί]
2076 3152 2159 3204 vel
2193 3152 2406 3218 occoepi

376 3223 672 3275 secundum
701 3223 1007 3288 donatum’‚
1039 3223 1132 3276 hic
1160 3225 1350 3276 autem
1377 3222 1551 3276 habet
1581 3223 1805 3291 ὀροφῇ
1833 3224 2012 3291 occepi
2030 3223 2222 3275 melius
2241 3239 2405 3291 quam

379 3293 561 3359 ‘lowepi
598 3295 743 3360 (fort.
783 3311 954 3361 quam
991 3293 1150 3363 coepi
1187 3312 1255 3348 ex
1290 3296 1404 3348 cod.
1434 3294 1552 3361 ΑΥ,
1591 3292 1739 3346 unde
1777 3309 1891 3345 non
1920 3292 2225 3346 absurdum
2253 3292 2405 3345 vide-

375 3366 471 3415 tur
525 3363 748 3417 credere
804 3364 862 3417 in
918 3365 1061 3419 libro
1119 3365 1365 3432 quodam
1419 3365 1493 3417 ad
1539 3363 1765 3417 Terenti
1814 3364 2019 3433 ‘coepi'
2071 3364 2408 3417 adnotatum

375 3432 548 3486 fuisse
589 3434 698 3488 ‘vel
737 3435 970 3505 occ(epi)
1008 3455 1048 3491 S.
1090 3437 1194 3502 d.';
1243 3435 1448 3504 ‘coepi'
1488 3452 1620 3489 vero
1659 3439 1745 3488 est
1780 3434 1947 3488 lectio
1987 3433 2242 3488 codicum
2281 3435 2401 3488 PG.

376 3503 595 3557 Deinde
652 3506 725 3557 ad
778 3507 949 3560 Andr.
993 3508 1070 3560 IV
1098 3514 1148 3574 4,
1179 3513 1247 3560 45
1301 3506 1363 3558 in
1420 3505 1744 3560 Victoriano
1801 3505 2072 3574 scriptum
2128 3508 2213 3558 est
2270 3506 2404 3558 ‘aha

376 3575 606 3628 necdum
652 3579 858 3648 onmia]
906 3581 1067 3634 aliter
1113 3596 1189 3634 cm
1232 3581 1364 3633 haec
1408 3585 1469 3632 tu
1507 3579 1694 3632 omnia
1730 3579 1931 3632 scilicet
1965 3577 2179 3640 audisti
2212 3593 2401 3631 secun-
