2669 3938
1011 234 1438 290 PRAEFATIO.
2080 232 2234 287 XXV

212 387 546 446 Eunuchus.
639 385 769 455 Qua
825 389 891 444 in
944 406 1009 446 re
1061 390 1197 446 uter
1250 388 1572 465 genuinum
1626 386 1899 445 exhibeat
1954 385 2239 459 ordinem,

213 476 453 536 difficile
537 478 629 535 est
700 476 777 534 ad
851 476 1320 553 diiudicandum3
1402 479 1809 535 verumtamen
1889 476 1961 533 ut
2032 478 2240 533 contra

210 565 747 643 Umpfenbachium
778 556 993 646 (praef.
1012 556 1145 646 XL)
1176 569 1237 624 et
1262 564 1522 624 Leonem
1549 557 1726 645 (Mus.
1756 564 1941 623 Rhen.
1963 555 2239 644 38‚324)

210 658 272 713 in
327 654 531 729 codice
585 655 646 712 Β
701 655 1029 712 communis
1085 654 1391 731 archetypi
1446 653 1712 713 ordinem
1767 672 1892 713 esse
1938 656 2240 713 servatum

208 747 504 821 putarem,
533 761 667 802 cum
686 760 1003 802 consensus
1020 744 1385 820 reliquorum
1402 743 1690 802 librorum
1706 745 1840 801 tum
1856 743 2009 801 illud
2029 742 2239 815 effecit,

213 833 368 908 quod
396 831 666 891 Rabbow
695 824 780 913 (p.
805 823 963 913 331)
1002 836 1211 910 argute
1249 833 1590 892 observavit
1626 851 1760 891 eum
1798 834 1901 906 qui
1939 834 2075 890 ante
2112 850 2239 890 sae-

212 924 410 981 culum
467 940 694 979 nonum
747 922 939 980 vitam
984 921 1225 981 Terenti
1269 921 1725 981 Ambrosianam
1780 921 2034 979 confecit
2084 921 2239 980 ordi—

209 1030 345 1070 nem
391 1010 735 1069 fabularum
777 1009 1049 1069 exhibere
1083 1011 1266 1070 hunc:
1313 1011 1544 1070 Andria
1579 1008 1899 1069 Eunuchus
1935 1009 2240 1084 Adelphoe

209 1099 919 1159 Heautontimorumenos
990 1100 1229 1176 Hecyra
1298 1099 1596 1158 Phormio.
1714 1097 1900 1167 Quem
1974 1098 2240 1157 ordinem

212 1191 357 1265 quin
423 1207 497 1247 ex
558 1187 784 1246 Donati
847 1193 1175 1248 commento
1238 1189 1585 1264 repetiverit
1648 1188 2072 1266 grammaticus
2136 1188 2240 1246 ille

210 1280 410 1338 nescio
459 1279 620 1352 quie,
664 1278 766 1336 vix
810 1279 1010 1351 potest
1056 1295 1180 1338 esse
1226 1277 1497 1352 dubium,
1546 1281 1765 1353 quippe
1814 1278 1917 1351 qui
1961 1278 2124 1335 totus
2170 1294 2240 1335 ex

210 1367 316 1426 illo
364 1368 697 1425 commento
742 1366 1018 1441 pendeat.
1089 1367 1302 1442 Itaque
1348 1368 1410 1424 in
1458 1384 1526 1425 eo
1574 1383 1689 1441 quo
1736 1383 1876 1425 usus
1924 1368 2015 1425 est
2051 1383 2241 1424 exem-

209 1456 369 1532 plari
398 1457 540 1531 post
565 1454 856 1514 Andriam
882 1455 1112 1514 invenit
1128 1455 1498 1530 Eunuchum,
1524 1455 2240 1514 Heautontimorumenon

211 1548 441 1619 autem,
498 1544 663 1603 cuius
709 1546 1104 1603 commentum
1147 1545 1270 1603 iam
1315 1545 1671 1620 deperierat,
1724 1545 1852 1618 ipse
1897 1544 1960 1601 in
2007 1562 2242 1603 enume-

211 1636 449 1693 ratione
489 1651 598 1692 sua
633 1632 1057 1708 superaddidit.
1126 1633 1284 1692 Huic
1320 1634 1662 1693 testimonio
1700 1632 1954 1691 alterum
1989 1632 2241 1692 fortasse

212 1722 470 1796 accedit,
536 1721 693 1797 quod
745 1723 974 1797 petitur
1027 1742 1098 1782 ex
1152 1722 1391 1782 scholiis
1447 1722 1663 1782 codicis
1710 1720 2043 1780 Victoriani
2097 1740 2141 1780 s.
2187 1722 2241 1779 X

213 1812 449 1888 scripti,
498 1829 616 1886 quo
662 1810 734 1868 de
780 1831 834 1870 v.
873 1811 1033 1869 infra
1069 1810 1108 1886 ἓ
1149 1812 1205 1870 5.
1291 1809 1449 1870 Hinc
1495 1812 1762 1886 sequitur
1806 1811 1869 1867 in
1906 1810 2057 1870 libro
2096 1829 2241 1885 quo-

212 1903 368 1976 dam,
416 1901 523 1976 qui
574 1899 832 1958 codicem
867 1899 928 1958 A
966 1902 1162 1960 aetate
1200 1901 1576 1977 aliquantum
1611 1899 1947 1976 superabat,
1993 1899 2242 1958 eundem

211 1990 513 2051 exstitisse
579 1988 844 2048 ordinem
907 2008 1083 2066 quem
1147 1990 1328 2049 codex
1382 1991 1443 2048 Β
1497 1992 1780 2064 testatur3
1842 1989 1999 2048 unde
2053 1993 2117 2049 in
2172 2009 2242 2049 eo

214 2080 539 2155 exemplari
578 2077 735 2153 quod
770 2080 928 2138 inter
952 2077 1014 2137 A
1042 2083 1102 2139 et
1139 2098 1509 2139 communem
1544 2079 1832 2138 librorum
1858 2077 1987 2136 AB
2015 2080 2242 2139 fontem

211 2168 530 2228 intercedit
585 2167 850 2226 ordinem
905 2172 1372 2228 commentorum
1426 2171 1853 2227 commutatum
1908 2187 2032 2228 esse
2078 2169 2244 2228 colli-

213 2276 423 2335 gamus
468 2274 704 2316 necesse
752 2260 842 2315 est
886 2249 988 2337 (cf.
1034 2258 1185 2317 Mus.
1222 2258 1407 2315 Rhen.
1446 2257 1559 2317 LII
1589 2254 1717 2335 94).
1791 2256 1880 2314 Ex
1910 2258 2000 2316 iis
2039 2260 2240 2316 autem

214 2348 282 2407 de
341 2346 558 2422 quibus
612 2344 789 2403 modo
845 2346 1149 2421 disputavi
1202 2347 1500 2406 codicibus
1545 2345 1607 2405 A
1662 2351 1721 2406 et
1774 2347 1835 2404 Β
1878 2347 2243 2422 reliquorum

216 2439 481 2495 omnium
534 2433 871 2494 derivatum
926 2454 1051 2495 esse
1104 2436 1338 2494 nullum
1383 2436 1481 2496 vel
1523 2436 1661 2495 inde
1706 2436 2088 2495 manifestum
2135 2439 2243 2511 est,

217 2525 373 2601 quod
437 2526 691 2599 uterque
754 2542 874 2582 non
936 2525 1053 2583 nisi
1107 2528 1341 2601 partem
1396 2526 1713 2585 commenti
1768 2527 1914 2584 satis
1970 2526 2243 2602 exiguam

216 2616 494 2674 continet.
554 2645 630 2653 —-—
693 2610 934 2672 Codices
985 2612 1105 2673 OF
1154 2614 1230 2673 ad
1284 2614 1546 2674 codicem
1589 2615 2007 2691 Maguntinum
2050 2614 2242 2673 redire

216 2722 397 2780 supra
457 2704 582 2761 iam
647 2702 930 2775 vidimus;
993 2703 1070 2761 ad
1134 2703 1383 2762 eundem
1447 2707 1647 2763 autem
1708 2705 1935 2763 fontem
1998 2705 2246 2779 propter

216 2812 510 2852 summam
566 2809 715 2865 quac
771 2794 1024 2867 apparet
1067 2795 1515 2870 congruentiam
1558 2791 1875 2852 revocandi
1920 2795 2058 2850 sunt
2103 2792 2244 2850 libri

220 2883 273 2940 T
303 2886 366 2942 et
401 2882 489 2955 123
538 2898 789 2955 quorum
832 2881 936 2939 ille
975 2880 1212 2956 quidem
1249 2901 1319 2940 ex
1357 2882 1561 2941 eodem
1600 2900 1716 2957 quo
1750 2880 1870 2940 OF
1892 2881 2241 2958 apographo

218 2966 582 3052 (Decembrii
593 2961 651 3049 P)
707 2969 961 3046 pendere
1015 2970 1257 3029 videtur
1301 2964 1400 3052 (cf.
1451 2971 1527 3029 ad
1572 2970 1833 3029 Euanth.
1870 2969 1966 3027 III
1995 2964 2093 3053 5),
2147 2971 2245 3031 hic

216 3062 274 3119 ni
319 3061 506 3120 fallor
551 3077 622 3116 ex
663 3058 795 3133 ipso
832 3058 1183 3135 Maguntino
1218 3060 1613 3135 transcriptus
1652 3062 1754 3119 est.
1831 3057 1941 3118 Cui
1979 3062 2244 3136 opinioni

216 3152 313 3209 vix
360 3149 583 3221 obstat,
629 3147 787 3221 quod
819 3149 884 3206 in
919 3147 981 3205 R
1015 3149 1336 3207 nonnullae
1372 3150 1618 3208 lacunae
1654 3149 2055 3224 reperiuntur,
2104 3152 2244 3225 quia

216 3241 278 3297 in
322 3238 649 3314 archetypo
698 3236 840 3311 quid
878 3237 1165 3313 scriptum
1202 3241 1355 3296 esset
1392 3237 1658 3315 dignosci
1694 3239 1816 3296 iam
1852 3257 1971 3296 non
2007 3242 2245 3314 poterat

218 3321 480 3409 (Phorm.
537 3325 721 3403 praef.
760 3325 854 3384 III
890 3322 960 3401 4'3
1012 3326 1161 3402 prol.
1205 3319 1332 3407 11).
1433 3328 1592 3385 Nam
1646 3330 1707 3385 et
1758 3327 1886 3402 ipse
1945 3326 2244 3386 Candidus

219 3412 460 3477 ‘cariem
505 3416 729 3475 vetusti
775 3410 992 3491 operis’
1038 3416 1309 3491 queritur
1347 3417 1408 3474 et
1440 3416 1897 3474 Riccardianum
1935 3417 2245 3490 aliquanto

218 3511 350 3582 post
385 3507 554 3565 illius
593 3503 1001 3579 apographum
1038 3506 1273 3563 constat
1310 3522 1435 3563 esse
1472 3505 1859 3580 descriptum3
1898 3506 1981 3563 sic
2010 3506 2245 3562 evenire

220 3596 438 3673 potuit,
495 3598 567 3653 ut
619 3610 772 3667 quae
826 3594 948 3651 iam
993 3596 1130 3652 ante
1177 3593 1446 3670 dignosci
1490 3594 1596 3652 vix‘
1634 3592 1993 3667 potuissent,
2048 3590 2243 3663 spatio
