2669 3938
355 187 492 251 ,446
973 186 1256 243 DONATI
1293 187 1766 244 COMMENTVM

360 342 606 414 paratus
645 340 725 398 sit
762 339 1015 398 alienam
1051 359 1174 398 rem
1213 358 1383 399 suam
1420 339 1611 398 dicere
1651 342 1711 399 et
1746 339 1809 396 id
1844 340 1908 397 in
1946 339 2072 398 iure
2104 339 2395 415 profiteri,

360 428 473 486 hoc
510 431 601 486 est
637 429 795 503 apud
830 430 1181 503 praetorem.
1331 431 1369 487 3
1419 429 1579 506 Ergo
1618 423 1788 486 ‘furti
1826 447 1887 487 se
1925 423 2160 506 alligat'
2197 448 2392 488 reum

362 534 431 575 se
507 517 749 576 efficit
820 517 1127 591 fraudis,
1197 537 1341 576 nain
1404 522 1884 594 μεταλημπτικῶς
1948 519 2218 577 furtum
2278 535 2390 594 pro

363 607 526 671 omni
571 607 706 666 dolo
754 608 815 665 et
858 607 1068 665 fraude
1115 607 1438 683 accipimus
1476 610 1537 665 et
1570 607 1806 664 iniuria.
1883 601 2143 684 ‘alligat'
2192 610 2393 666 autem

362 695 764 772 obstringit
838 698 897 754 et
968 695 1348 771 inlaqueat
1420 698 1480 755 et
1552 695 1932 754 obnoxium
2004 697 2198 755 facit.
2451 717 2481 754 5

363 787 402 842 4
461 784 646 844 Omne
701 785 888 861 igitur
942 784 1100 860 quod
1145 785 1352 850 fraude
1398 785 1493 859 fit,
1548 786 1820 844 furtum
1866 788 1971 843 est.
2064 785 2147 843 sic
2191 784 2391 861 Virgi-

351 875 476 933 lius
520 873 831 933 insidias
880 865 1056 954 (Aen.
1097 873 1206 932 XI
1238 866 1395 953 515)
1445 869 1631 933 efurta
1673 893 1820 950 paro
1865 868 2052 949 belli',
2108 874 2390 932 adulte-

360 964 542 1021 rium
607 955 773 1044 (Geo,
812 963 921 1021 IV
960 955 1119 1043 346)
1186 956 1271 1021 ‘et
1334 963 1534 1022 dulcia
1595 957 1802 1037 furta',
1868 983 2067 1023 omne
2128 963 2392 1022 malum

353 1053 629 1119 ¹factum
693 1044 868 1133 (Aen.
920 1053 1016 1110 VI
1058 1044 1393 1132 568—69)
1470 1046 1648 1127 ‘quae
1713 1054 1845 1128 quis
1911 1052 2068 1127 apud
2131 1069 2391 1127 superOS‚

360 1143 522 1200 furto
568 1141 605 1198 l.
652 1142 710 1214 i.‚
757 1140 994 1199 distulit
1038 1143 1077 1198 i.
1125 1159 1168 1200 s.
1216 1160 1263 1199 c.
1309 1161 1366 1217 p.
1414 1135 1517 1199 m.’
1720 1144 1756 1199 5
1814 1141 2116 1199 Furtum
2160 1141 2390 1200 duobus
2421 1159 2481 1198 io

360 1230 552 1289 modis
626 1229 869 1289 dicitur:
943 1249 1088 1305 uno,
1161 1248 1294 1289 cum
1367 1248 1539 1288 omne
1612 1230 1972 1289 maleficium
2035 1230 2393 1307 generaliter

363 1319 750 1397 significatur,
798 1320 1003 1393 altem,
1049 1338 1186 1378 cum
1230 1337 1322 1378 res
1371 1320 1654 1395 subrepta
1699 1319 2152 1378 demonstratur.
2234 1337 2393 1379 nunc

362 1428 502 1486 ergo
549 1401 742 1465 ‘furti’
789 1408 1158 1466 maleficii.

197 1515 323 1572 810
495 1507 589 1573 40
649 1517 681 1572 1
734 1531 905 1573 smus
951 1532 1075 1573 noc
1124 1533 1249 1572 'rim
1293 1533 1408 1573 nsi·
1456 1515 1531 1574 ad
1574 1515 1956 1592 repetendam
2003 1516 2227 1574 scilicet
2269 1515 2389 1572 uir·

360 1607 557 1682 ginem
602 1604 1063 1679 sumendamque
1108 1605 1171 1661 in
1217 1606 1346 1663 iure
1393 1605 1736 1664 uindictam.
1904 1608 1939 1663 2
1991 1622 2233 1671 QVAERE
2281 1622 2389 1669 QVI
2419 1631 2475 1670 15

357 1710 761 1752 RESPONDEAT
808 1696 868 1752 et
912 1695 1267 1769 contempsit
1312 1694 1779 1771 interrogantem
1825 1697 1886 1753 et
1929 1694 2146 1752 indixit
2189 1695 2388 1751 inimi-

361 1784 550 1857 citiae,
592 1782 957 1858 professione
1001 1782 1344 1843 iracundiae
1392 1802 1526 1842 cum
1570 1784 1716 1843 dicit
1760 1783 2074 1861 indignum
2118 1783 2387 1842 militem.

495 1873 532 1930 3
563 1890 735 1931 ,mma
780 1889 904 1930 noc
953 1890 1032 1930 'rv
1069 1889 1167 1930 Ais
1205 1889 1389 1930 THAis
1427 1867 1608 1932 eidem
1644 1867 1776 1932 hoc’
1826 1872 2010 1947 quod
2057 1870 2387 1930 Chremes

359 1962 599 2022 scilicet.
676 1964 736 2020 et
780 1963 1089 2036 tamquam
1135 1961 1195 2020 et
1239 1963 1435 2037 ipsam
1481 1963 1987 2022 circumuenturus
2033 1962 2384 2039 interrogat,

362 2051 519 2126 quod
571 2051 681 2108 illa
734 2051 1087 2127 intellegens
1142 2051 1440 2110 malitiose
1495 2046 1804 2129 <‘quaere’
1859 2053 2059 2127 inquit
2114 2046 2240 2126 ‘qui
2293 2069 2383 2109 re·
2416 2077 2472 2117 20

359 2134 730 2215 spondeat'>.
985 2143 1024 2198 4
1092 2157 1337 2205 omniu:
1403 2158 1509 2206 QVI
1571 2158 1974 2200 RESPONDEAT
2038 2141 2184 2200 satis
2250 2158 2384 2198 con-

357 2230 696 2288 tumeliose:
741 2228 896 2286 illud
942 2231 1098 2287 enim
1137 2230 1544 2304 quaeritur,
1591 2230 1750 2305 quod
1796 2229 2037 2288 difficile
2073 2231 2383 2305 reperitmv.

360 2338 525 2395 ergo:
576 2336 694 2376 non
740 2318 914 2376 modo
960 2318 1239 2395 indignus
1286 2337 1367 2393 ee,
1412 2320 1637 2394 inquit,
1683 2320 1779 2377 cui
1825 2338 1933 2395 ego
1979 2317 2386 2393 respondeam,

360 2408 462 2474 sed
507 2408 608 2465 uix
653 2408 921 2465 inuenies
970 2408 1075 2482 qui
1117 2409 1178 2465 te
1225 2407 1471 2485 dignum
1515 2426 1799 2484 responso
1843 2408 2082 2466 iudicet.

502 2601 529 2648 1
569 2597 801 2663 pai-atus
838 2593 915 2647 sit
940 2595 1132 2649 Klotz:
1168 2597 1402 2663 paratus
1439 2595 1553 2664 TO,
1590 2596 1754 2664 paret
1792 2596 1845 2649 V
1865 2593 2168 2664 (parasitus
2197 2595 2344 2664 dett.)
2370 2595 2378 2665 Ι

358 2668 418 2720 et
451 2665 512 2718 id
547 2665 608 2718 in
644 2665 765 2719 iure
794 2665 998 2734 Steph.:
1041 2668 1098 2719 et
1128 2664 1190 2718 id
1216 2664 1424 2719 uitium
1452 2669 1509 2720 te
1541 2665 1606 2733 0,
1645 2668 1704 2719 et
1729 2664 1792 2718 id
1818 2664 1879 2718 in
1906 2664 2065 2719 uitiis
2100 2667 2170 2732 T,
2209 2665 2384 2719 audin

357 2739 422 2790 tu
459 2738 619 2791 deest
652 2735 862 2791 iniuste
908 2736 992 2790 V*
1026 2739 1115 2805 (-—-
1145 2737 1291 2805 dett.)
1328 2739 1347 2807 ΙΙ
1385 2743 1415 2790 2
1454 2736 1669 2806 allegat
1710 2737 1819 2791 TO
1840 2738 1859 2807 ΙΙ
1887 2742 1918 2789 3
1955 2739 2109 2791 meta
2144 2735 2383 2791 lenticos

359 2807 615 2877 (methal-
645 2809 711 2874 0;
750 2825 867 2862 -cas
914 2808 989 2878 V)
1026 2809 1177 2862 codd.
1213 2810 1221 2877 Ι
1252 2808 1466 2861 furtum
1500 2825 1626 2863 sscr.
1667 2807 1749 2862 V*
1785 2811 1873 2877 (=
1903 2809 2075 2877 dett),
2113 2824 2213 2863 om.
2251 2808 2385 2878 ΤΟΙΙ

358 2886 391 2933 4
430 2878 644 2949 allegat
680 2880 731 2932 T
750 2882 769 2949 ΙΙ
797 2884 829 2932 6
868 2884 1088 2947 omnem
1120 2880 1167 2934 G
1193 2881 1201 2947 Ι
1233 2879 1319 2950 fit]
1360 2878 1437 2933 sit
1466 2880 1513 2933 Ο
1538 2882 1547 2949 Ι
1577 2879 1828 2933 furatum
1863 2880 1977 2948 TO,
2015 2880 2261 2945 furatum
2300 2879 2384 2949 Vss

362 2957 390 3004 7
427 2951 578 3005 furto
618 2951 665 3004 Ο
707 2954 716 3021 Ι
764 2951 928 3075 paro}
963 2952 1125 3020 parto
1170 2952 1229 3018 Τ,
1268 2955 1355 3005 -ta
1395 2951 1440 3006 Ο
1477 2955 1486 3020 Ι
1525 2950 1679 3005 bella
1722 2952 1773 3005 T
1819 2952 1838 3020 ΙΙ
1892 2957 1924 3004 9
1962 2949 2061 3018 qui
2099 2949 2224 3018 quis
2269 2951 2382 3018 TO,

358 3021 629 3090 quicquid
674 3022 765 3091 Vn
796 3028 862 3075 10
927 3025 1049 3076 urto
1089 3021 1263 3103 <est>
1300 3022 1454 3077 codd.
1498 3024 1505 3091 Ι
1546 3022 1582 3075 1.
1622 3022 1697 3093 1.]
1736 3023 1794 3075 et
1820 3023 1877 3077 -G
1906 3023 1915 3093 Ι
1946 3022 2044 3093 m.]
2081 3039 2151 3074 n·
2191 3023 2384 3092 codem}

349 3099 426 3158 413
461 3093 659 3147 furtim
698 3093 837 3162 TO}
870 3092 1110 3147 malefici
1145 3092 1275 3146 i-i-
1321 3095 1375 3149 V
1407 3096 1425 3165 ΙΙ
1468 3100 1540 3148 14·
1571 3092 1664 3146 hic
1702 3094 1805 3148 TO
1833 3095 1841 3163 Ι
1874 3093 1972 3165 ad]
2005 3092 2066 3146 id
2100 3093 2190 3163 ΤΙΙ
2218 3098 2284 3145 15
2320 3092 2380 3146 111

349 3164 502 3237 iure]
537 3163 778 3218 iniuriae
805 3165 928 3219 dett.
964 3166 972 3234 Ι
1004 3181 1235 3234 querere
1277 3166 1363 3237 ΤΙ
1394 3164 1493 3233 qui
1530 3164 1599 3238 <t
1619 3164 1677 3237 ·>
1714 3182 1774 3217 r·
1822 3164 1876 3218 V
1909 3167 1928 3234 ΙΙ
1967 3170 2032 3218 16
2070 3163 2265 3219 redeat
2305 3164 2377 3236 ΤΙ

351 3270 543 3354 (qui)
580 3270 916 3340 contempsit
945 3273 989 3327 Ο
1035 3274 1043 3341 Ι
1094 3273 1153 3325 et
1185 3275 1238 3327 2.
1278 3288 1382 3327 om.
1417 3272 1469 3326 T
1475 3271 1522 3326 0
1565 3273 1573 3340 Ι
1620 3270 1847 3325 induxit
1888 3271 2013 3341 TO,
2049 3249 2255 3335 indivxit
2298 3271 2376 3343 Vl

355 3341 714 3396 inimicitiam
756 3343 808 3396 T
852 3345 872 3412 ΙΙ
928 3348 993 3395 17
1034 3342 1418 3412 profexionem
1458 3344 1523 3410 Ο,
1619 3342 1984 3397 rofectionem
2027 3344 2078 3398 T
2112 3344 2120 3412 Ι
2160 3342 2380 3398 iramm-

359 3410 487 3466 diae
532 3413 585 3467 V
616 3415 626 3480 Ι
669 3412 814 3466 dixit
856 3414 906 3467 T
953 3416 971 3483 ΙΙ
1026 3420 1093 3467 20
1129 3412 1464 3483 intelligetis
1508 3362 1616 3471 Tg
1665 3415 1673 3484 Ι
1731 3428 1938 3483 quaere
1957 3445 2024 3454 —-
2045 3412 2382 3483 respondeat

356 3482 752 3549 suppmehoelz
776 3485 795 3552 ΙΙ
825 3489 889 3537 21
920 3500 1151 3552 querere
1179 3484 1278 3553 qui
1304 3503 1356 3538 r·
1384 3487 1435 3540 T
1455 3487 1473 3555 ΙΙ
1502 3490 1569 3538 22
1600 3484 1830 3540 difficile
1859 3503 1958 3541 om.
1986 3486 2089 3540 TO
2111 3487 2130 3554 ΙΙ
2159 3490 2224 3538 23
2254 3501 2381 3539 cum

359 3564 463 3617 ego
508 3553 595 3620 ΤΙΙ
623 3558 690 3605 24
727 3553 981 3608 uindicet
1018 3555 1065 3609 Ο
