2669 3938
605 201 987 256 EXCERPTA
1024 202 1120 257 DE
1158 202 1533 258 COMOEDIA
1569 204 1697 258 VIII
1725 210 1914 260 6—11.
2176 205 2259 268 31

380 355 457 411 11
525 353 863 412 huiusmodi
902 353 1164 413 carmina
1203 354 1276 412 ad
1312 354 1493 413 tibias
1530 355 1768 431 fiebant,
1807 359 1878 414 ut
1912 356 2004 414 his
2044 355 2264 414 auditis

236 442 420 500 multi
466 460 536 500 ex
569 443 790 518 populo
839 445 975 501 ante
1022 443 1301 519 dicerent,
1352 463 1530 519 quam
1567 444 1832 503 fabulam
1873 446 2068 504 acturi
2104 464 2263 505 scae-

234 531 356 589 nici
404 535 624 606 essent,
680 550 860 606 quam
915 532 1152 591 omnino
1198 532 1632 608 spectatoribus
1677 533 1866 608 ipsius
1915 532 2263 593 antecedens

233 620 451 678 titulus
495 621 997 696 pronuntiaretur.
1071 621 1405 697 agebantur
1451 624 1650 680 autem
1694 623 1859 681 tibiis
1893 623 2155 699 paribus,
2200 623 2264 680 id

237 711 329 768 est
358 710 579 768 dextris
617 711 723 767 aut
750 709 1025 785 sinistris,
1063 713 1123 768 et
1148 709 1493 786 imparibus.
1567 710 1809 769 dextrae
1846 715 2047 771 autem
2077 712 2262 770 tibiae

236 816 345 857 sua
393 798 690 876 grauitate
737 798 953 857 seriam
997 799 1330 858 comoediae
1380 799 1697 858 dictionem
1740 801 2264 876 praenuntiabant,

236 887 514 946 sinistrae
561 881 904 966 [Serranae]
953 889 1240 948 acuminis
1293 890 1542 948 leuitate
1596 888 1792 948 iocum
1843 889 1907 947 in
1962 889 2264 949 comoedia

236 975 645 1035 ostendebant.
727 976 829 1034 ubi
875 978 1076 1035 autem
1120 976 1325 1036 dextra
1365 980 1424 1036 et
1459 977 1702 1037 sinistra
1749 981 1883 1037 acta
1926 978 2129 1036 fabula
2173 980 2263 1035 in-

237 1065 625 1139 scribebatur,
670 1065 903 1123 mixtim
947 1066 1061 1124 ioci
1112 1068 1172 1124 et
1216 1066 1548 1144 grauitates
1594 1066 2111 1126 denuntiabantur.

385 1259 415 1305 1
455 1251 622 1305 huius
658 1251 813 1306 modi
851 1252 1082 1325 (adeo)
1127 1253 1297 1308 TFG
1312 1253 1366 1308 V
1415 1257 1423 1323 Ι
1485 1253 1558 1307 ad
1603 1253 1792 1323 tybias
1842 1255 1887 1310 Ο
1902 1255 1965 1323 V,
2013 1271 2114 1309 om.
2154 1254 2216 1307 F
2250 1254 2258 1325 1

235 1323 502 1377 ferebant
538 1323 618 1389 F,
665 1323 949 1378 fertebant
993 1324 1062 1392 T,
1109 1323 1392 1378 feriebant
1429 1324 1476 1379 0
1524 1328 1543 1395 11
1598 1331 1629 1378 2
1666 1324 1845 1380 multo
1886 1326 1947 1380 F
1998 1328 2005 1394 1
2065 1325 2157 1397 ex]
2206 1327 2264 1379 et

239 1395 293 1448 T
302 1395 370 1463 0,
420 1410 450 1448 e
497 1394 551 1448 V
604 1397 612 1462 Ι
672 1394 951 1449 discerent
988 1395 1168 1461 codd„
1213 1412 1349 1451 corr.
1390 1396 1648 1452 Muretus
1700 1399 1717 1466 11
1773 1403 1804 1449 3
1843 1414 2012 1466 quam
2059 1395 2265 1478 (iam)

239 1466 314 1534 T,
360 1481 477 1533 qua
511 1466 567 1518 A
620 1468 639 1535 11
690 1473 726 1520 4
773 1467 985 1538 autem]
1033 1465 1209 1535 igitur
1253 1467 1307 1521 V
1342 1469 1350 1536 1
1399 1466 1575 1535 tybiis
1616 1468 1671 1522 V
1712 1468 1720 1540 1
1769 1467 1830 1520 id
1860 1500 1926 1509 —
1955 1474 1986 1521 5
2018 1467 2266 1529 sinistris

225 1543 357 1606 post
392 1535 704 1639 imparibus
740 1540 912 1603 codd„
949 1544 1157 1606 transp.
1195 1538 1308 1593 Leo
1362 1540 1381 1608 11
1435 1544 1467 1592 5
1507 1539 1629 1611 aut]
1668 1542 1727 1593 et
1773 1540 1860 1610 Vl
1900 1542 1958 1593 et
1994 1541 2123 1607 del„
2163 1541 2265 1593 aut

232 1625 362 1664 sscr.
404 1608 457 1661 V
536 1611 544 1677 1
594 1607 786 1676 tybiae
824 1608 940 1663 FO
954 1608 1025 1677 V,
1073 1608 1215 1681 lithe
1247 1611 1304 1665 A
1357 1611 1376 1678 11
1432 1615 1463 1662 6
1509 1609 1810 1679 grauitatis
1855 1611 1905 1664 T
1947 1613 1955 1680 1
2007 1609 2262 1665 dilectio-

231 1696 366 1734 nem
394 1679 449 1732 A
481 1680 490 1748 1
522 1678 975 1748 pronuntiabant.
994 1682 1050 1734 A
1070 1679 1206 1750 VF,
1246 1681 1372 1734 -bat
1402 1682 1454 1734 T
1462 1680 1528 1750 0,
1557 1699 1691 1737 corr.
1724 1682 1981 1736 Muretus
2014 1684 2033 1751 11
2077 1687 2106 1734 7
2147 1697 2261 1734 ser-

232 1766 409 1804 ranae
449 1750 586 1820 FV,
625 1766 838 1822 serrare
869 1754 948 1821 A,
987 1753 1208 1805 sertane
1247 1751 1312 1820 Ο,
1354 1754 1508 1806 certa
1545 1759 1574 1806 e
1610 1754 1679 1819 T;
1717 1753 1835 1808 secl.
1865 1753 2031 1819 Reiff.
2069 1754 2089 1821 11
2134 1756 2166 1804 8
2205 1753 2268 1806 et

233 1839 336 1877 om.
383 1821 573 1890 TFO,
620 1838 746 1876 θεον.
791 1821 865 1875 V²
917 1824 936 1891 11
992 1827 1022 1875 9
1058 1821 1280 1876 ‘mistim
1323 1824 1375 1876 T
1420 1825 1428 1891 1
1478 1822 1589 1877 1οοὶ
1640 1824 1811 1878 TFC
1856 1826 1864 1894 1
1914 1827 1972 1878 et
2018 1841 2118 1878 om.
2163 1822 2258 1894 ΤΙ

229 1891 538 1963 grauitatis
584 1893 640 1946 V
