2669 3938
73 2730 268 2773 codem

50 2783 274 2827 nusae-u

333 238 455 292 XVI
1118 238 1541 293 PRAEFATIO.

333 381 430 449 qui
485 399 644 436 voces
698 384 938 437 Graecas
985 382 1324 437 continuerit
1370 384 1540 449 atque
1586 397 1681 436 eas
1725 381 1810 436 ita
1855 384 2231 449 comparatas,
2286 385 2352 435 ut

332 452 657 521 saepissime
703 454 1094 508 emendatione
1138 452 1482 523 indigerent3
1528 453 1677 507 unde
1721 452 1876 506 haud
1922 453 2035 506 scio
2082 469 2155 505 an
2199 455 2348 507 recte

331 523 581 578 codicem
634 524 796 578 illum
850 524 1197 579 simillimum
1240 524 1494 579 Parisino
1531 527 1586 579 A
1631 523 1719 578 vel
1766 524 2040 577 Vaticano
2088 525 2143 577 B
2187 523 2350 578 nobis

330 597 516 649 mente
553 596 844 666 fingamus.
918 596 1135 649 Deinde
1171 600 1606 649 consentaneum
1643 598 1729 649 est
1766 594 2110 664 Stephanum
2146 594 2346 664 ipsum,

330 681 671 734 quamquam
704 667 810 721 hoc
838 668 1110 737 expressis
1137 666 1320 721 verbis
1348 683 1460 721 non
1488 666 1747 735 affirmat,
1784 666 1844 719 in
1871 665 2100 733 reliquis
2129 681 2350 734 quoque

329 738 629 791 commenti
665 739 921 807 partibus
960 738 1191 806 antiquo
1229 737 1329 792 illo
1369 738 1560 792 codice
1598 753 1693 792 sae
1766 752 1994 791 numero
2020 753 2184 790 usum
2211 752 2348 805 esse,

330 808 430 861 sed
463 808 627 863 valde
666 809 964 864 dolendum
1003 812 1089 864 est
1125 809 1276 878 quod
1303 826 1580 878 nusquam
1616 809 1675 862 in
1716 808 1911 877 icavit,
1949 807 2097 861 unde
2131 810 2348 862 textum

329 880 643 947 correxerit,
680 883 744 934 ut
772 880 1165 934 difficillimum
1194 880 1268 934 sit
1297 881 1370 934 ad
1400 879 1841 948 diiudicandum,
1878 879 2015 947 quid
2044 894 2142 932 suo
2169 878 2346 948 ipsius

326 949 415 1003 vel
443 950 610 1006 amici
637 952 864 1022 ingenio
892 951 1068 1005 fretus
1096 952 1299 1020 quidve
1327 952 1482 1005 nisus
1500 953 1720 1005 vetusto
1741 949 2043 1019 exemplari
2061 950 2349 1004 novaverit

327 1022 416 1089 (cf.
456 1021 725 1077 Dziatzko
761 1023 822 1077 in
858 1023 998 1076 Mus.
1037 1023 1214 1077 Rhen.
1252 1023 1432 1076 XXIX
1459 1029 1562 1076 452
1576 1040 1656 1090 sq.
1697 1025 1755 1076 et
1789 1021 1849 1075 in
1885 1021 1936 1074 X
1972 1020 2164 1090 Suppl.
2201 1021 2343 1075 Ann.

325 1092 519 1162 philol.
562 1096 701 1164 676).
757 1094 878 1148 Hoc
914 1097 1104 1149 tamen
1142 1094 1355 1163 optimo
1386 1094 1507 1147 iure
1536 1093 1797 1148 contendi
1824 1095 2011 1162 potest
2041 1091 2346 1161 permultas

330 1164 573 1233 optimas
609 1165 877 1219 lectiones
915 1165 1178 1219 editionis
1217 1165 1633 1234 Stephanianae
1670 1167 1888 1218 vetusto
1925 1162 2011 1217 illi
2041 1163 2345 1233 exemplari

326 1235 535 1304 deberi,
564 1236 716 1304 quod
742 1237 1155 1291 necessitudine
1185 1237 1429 1304 quadam
1461 1253 1585 1290 cum
1605 1235 1881 1289 Vaticano
1911 1236 1966 1289 B
1990 1234 2347 1288 coniunctum

323 1305 497 1360 fuisse
533 1306 771 1362 videtur.
826 1307 923 1361 Eis
960 1324 1106 1376 quae
1144 1307 1455 1363 Sabbadini
1493 1307 1703 1377 (studi
1731 1306 1874 1360 ital?
1906 1306 1957 1358 11
1985 1308 2073 1375 85)
2111 1305 2349 1375 protulit

324 1395 498 1431 unum
534 1378 742 1432 addam
779 1379 1118 1448 exemplumz
1157 1379 1232 1433 ad.
1259 1378 1394 1434 Hcc.
1423 1378 1501 1432 IV
1531 1386 1579 1446 1,
1599 1385 1663 1431 21
1704 1377 1849 1431 illud
1880 1378 2157 1448 diem-inm,
2194 1377 2346 1445 quod

326 1449 477 1518 apud
524 1448 869 1518 Stephanum
924 1449 1155 1533 legitur,
1212 1449 1364 1504 solus
1412 1449 1638 1503 exhibet
1682 1449 1802 1503 cod..
1852 1450 1924 1516 B,
1970 1464 2097 1501 cum
2140 1447 2346 1516 reliqui

325 1535 514 1573 omnes
551 1523 832 1592 obstrinqi,
870 1521 1145 1576 editiones
1181 1521 1515 1576 vetustiores
1551 1521 1821 1591 abstrinyi
1854 1519 2118 1573 habeant.

464 1590 822 1663 Lindenbrog
876 1590 935 1646 in
988 1592 1340 1662 praefatione
1387 1591 1652 1646 editionis
1698 1590 2043 1645 Francofurt.
2091 1593 2161 1659 (a.
2186 1592 2343 1659 1623)

323 1661 462 1715 hacc
501 1662 760 1718 adnotat:
803 1662 1031 1717 ‘Donati
1071 1664 1181 1718 duo
1211 1663 1553 1732 exemplaria
1579 1662 1876 1716 habuimus
1905 1663 1962 1715 et
1989 1659 2092 1715 illa
2118 1660 2344 1715 Pithoe-

323 1749 480 1786 orum
535 1737 798 1787 accurata
854 1734 1152 1805 diligentia
1217 1735 1289 1789 ad
1344 1734 1475 1789 Mss.
1537 1733 1697 1789 codd.
1744 1733 1976 1787 Antonii
2040 1731 2223 1787 Contii
2288 1736 2346 1785 et

321 1803 512 1858 Iacobi
569 1805 781 1859 Cuiacii
835 1806 1262 1860 Antecessorum
1316 1804 1749 1859 Bituricensium
1813 1803 2044 1869 collata3
2109 1820 2345 1871 quorum

324 1875 533 1929 auxilio
580 1875 639 1929 in
685 1877 802 1931 hoc·
837 1877 1235 1932 commentario
1282 1877 1559 1946 plurimae
1598 1876 1835 1930 lacunae
1873 1874 2167 1944 suppletae
2205 1873 2344 1927 alia-

322 1963 432 2015 que
485 1947 707 2002 infinita
761 1951 947 2002 errata
1000 1948 1317 2020 integritati
1375 1964 1508 2003 suae
1563 1947 1824 2004 restituta
1879 1947 2051 2002 sunt'.
2143 1945 2344 2001 Exstat

323 2022 514 2073 autem
559 2020 619 2073 in
662 2019 1009 2074 bibliotheca
1044 2020 1306 2075 Leidensi
1345 2019 1519 2074 editio
1556 2017 2047 2088 Lindenbrogiana
2084 2016 2340 2088 (Gronov.

321 2107 401 2143 nr.
433 2092 485 2159 6)
532 2108 659 2144 cum
701 2090 1159 2146 adnotationibus
1196 2093 1235 2146 Ι.
1265 2093 1325 2146 F.
1357 2090 1647 2158 Gronovii‚
1694 2106 1833 2159 quas
1880 2106 1947 2144 ex
1982 2088 2343 2143 Pithoeorum

321 2160 718 2216 collationibus
781 2163 1148 2232 transcriptas
1214 2179 1334 2218 esse
1390 2162 1660 2217 facillime
1715 2160 2084 2215 demonstrari
2137 2162 2340 2229 potest.

320 2232 543 2286 Etenim
592 2234 666 2286 ad
703 2233 806 2287 Ad.
837 2234 863 2287 I
894 2240 941 2302 1,
962 2240 1031 2288 40
1079 2236 1228 2304 apud
1266 2232 1605 2289 Gronovium
1648 2232 1858 2303 legitur
1905 2232 1987 2286 ‘et
2020 2230 2130 2284 huc
2165 2247 2342 2299 usque

318 2303 493 2357 habet
519 2308 677 2358 vetus
707 2304 990 2374 exemplar
1016 2306 1144 2360 Ant.
1176 2305 1378 2360 Contii.
1402 2305 1512 2373 P.’;
1545 2303 1747 2358 deinde
1776 2302 2039 2358 Gronovii
2067 2302 2340 2371 excerptis

320 2374 544 2444 saepius
582 2375 839 2429 additum
876 2379 963 2430 est
1002 2376 1106 2431 ‘P.’
1146 2377 1234 2430 vel
1275 2377 1458 2445 ‘Pit.’;
1496 2378 1774 2446 postremo
1813 2389 1957 2443 quae
1993 2374 2054 2426 in
2081 2372 2341 2426 Leidensi

320 2446 625 2515 exemplari
672 2446 1030 2516 exhibentur,
1078 2448 1195 2502 fere
1233 2464 1451 2518 semper
1487 2445 1843 2500 consentiunt
1879 2462 2005 2499 cum
2041 2443 2149 2512 eis,
2195 2459 2340 2512 quae

319 2533 387 2571 ex
436 2518 562 2571 ‘Ma
608 2516 778 2571 Pith.’
837 2519 894 2571 in
954 2519 1437 2573 observationibus
1487 2517 1723 2587 protulit
1765 2515 2137 2585 Lindenbrog.
2221 2515 2340 2568 Iam

318 2605 445 2641 cum
488 2588 605 2642 veri
652 2588 729 2642 sit
773 2589 1119 2643 simillimum
1157 2589 1343 2644 Contii
1389 2589 1637 2644 codicem
1683 2587 1922 2642 eundem
1956 2586 2130 2641 fuisse
2169 2589 2340 2654 atque

316 2662 568 2713 nostrum
613 2659 928 2713 Parisinum
967 2663 1022 2716 A
1067 2660 1157 2730 (cf.
1197 2663 1411 2731 supra),
1458 2676 1604 2728 quae
1647 2661 1938 2729 praeterea
1984 2674 2019 2711 a
2063 2656 2340 2712 Gronovio

322 2730 664 2784 adnotantur
719 2731 792 2783 ad
839 2730 1054 2785 Cuiacii
1105 2731 1389 2802 exemplar
1432 2731 1736 2786 referamus
1780 2745 2005 2784 necesse
2052 2731 2151 2783 est.
2234 2728 2341 2782 Hic

321 2804 509 2856 autem
556 2801 772 2856 Cuiacii
827 2802 1001 2857 codex
1056 2804 1193 2872 quin
1248 2804 1583 2873 optimorum
1636 2801 1909 2856 librorum
1959 2816 2190 2855 numero
2242 2800 2341 2853 ad-

319 2873 644 2927 scribendus
714 2874 812 2940 sit,
888 2873 1140 2928 dubitari
1201 2891 1313 2928 non
1377 2876 1590 2944 potest3
1662 2890 1794 2927 nam
1859 2871 2104 2941 primum
2177 2886 2338 2924 voces

319 2942 559 2998 Graecas
626 2945 953 3000 continebat
1015 2948 1272 3014 (quarum
1336 2945 1543 2999 multas
1610 2960 1677 2998 ex
1729 2944 1835 2997 hoc
1891 2942 2045 2997 fonte
2097 2942 2338 2995 Linden-

317 3014 461 3085 brog
504 3013 740 3140 hausit?
788 3015 993 3070 deinde
1039 3033 1220 3085 neque
1266 3018 1327 3071 in
1364 3017 1617 3086 Hecyrae
1660 3030 1842 3083 neque
1888 3014 1949 3067 in
1984 3013 2337 3067 Phormionis

317 3088 628 3140 commento
716 3088 910 3140 acunis
966 3089 1248 3157 scatebat,
1313 3089 1452 3156 quin
1516 3087 1689 3142 etiam
1752 3087 1902 3140 solus
1957 3083 2206 3138 scholion
2263 3085 2338 3137 ad

317 3156 536 3212 Phorm.
575 3157 625 3210 11
657 3164 703 3224 1,
736 3164 764 3211 7
815 3159 1078 3227 servavit3
1130 3159 1374 3227 denique
1421 3174 1638 3228 semper
1683 3157 1757 3211 ad.
1802 3156 2139 3226 optimorum
2184 3154 2338 3209 codi-

318 3244 445 3280 cum
488 3228 566 3297 (R
580 3229 638 3297 C,
680 3229 743 3299 0)
791 3229 1115 3284 memoriam
1161 3230 1405 3297 accedit,
1463 3245 1607 3298 quac
1642 3245 1739 3300 ⁷res
1783 3226 2113 3297 praesertim
2157 3226 2218 3279 in
2269 3242 2338 3280 ea

315 3299 614 3353 commenti
649 3303 828 3369 parte,
869 3300 966 3354 ubi
996 3302 1329 3356 vetustiores
1357 3301 1491 3355 libri
1520 3300 1803 3364 deficiunt,
1841 3297 2039 3352 summi
2066 3297 2336 3351 momenti

316 3371 415 3424 est.
499 3370 976 3440 subscriptionem
1011 3371 1363 3427 Phormionis
1408 3372 1554 3426 hanc
1598 3370 1770 3424 fuisse
1811 3370 2050 3423 testatur
2086 3367 2333 3425 Gronov:

318 3440 485 3494 ‘Amal
539 3460 735 3496 DouA'rl
781 3462 815 3495 V
846 3473 856 3484 ·
890 3462 920 3496 C
950 3473 961 3485 ·
994 3462 1250 3498 ORAToms
1306 3463 1460 3499 vmus
1515 3461 1691 3496 ROMAE
1745 3458 2065 3494 comnsm'rvu
2108 3459 2336 3494 TERENTI

314 3530 634 3566 Pnonmoms
672 3515 964 3569 nxrmm‘r’:
1009 3532 1152 3583 quae
1190 3532 1359 3583 quam
1396 3530 1569 3584 prope
1605 3512 1677 3566 ad
1715 3526 1841 3566 eam
1876 3510 2126 3580 accedat,
2164 3527 2336 3580 quam

313 3582 598 3638 Parisinus
636 3587 688 3638 A
728 3587 985 3656 servavit,
1022 3603 1185 3642 nemo
1224 3604 1334 3641 non
1372 3585 1543 3641 videt.
1584 3617 1650 3626 -
