2669 3938
419 197 595 252 XLVI
1210 198 1639 252 PRAEFATIO.

422 368 534 423 que
590 350 756 408 varia
801 351 1271 425 temptaverunt,
1327 353 1395 408 ut
1439 368 1563 408 rem
1610 349 1997 424 explicarent,
2050 368 2201 425 quae
2249 352 2449 409 omnia

419 439 634 496 referre
684 442 743 496 et
786 439 1031 516 longum
1079 440 1169 496 est
1215 441 1274 496 et
1319 457 1837 513 supervacaneum,
1884 458 2018 497 cum
2064 440 2447 516 diligentissi-

421 547 582 586 mam
636 528 958 586 habeamus
1006 526 1358 586 Sabbadinii
1403 528 1883 603 disputationem.
1978 526 2165 596 Quem
2209 530 2447 604 potissi-

421 636 583 674 mum
647 619 880 675 secutus
937 619 1020 675 sic
1072 617 1222 674 mihi
1275 636 1403 674 rem
1456 618 1785 692 composui:
1851 620 2172 694 genuinum
2223 617 2449 677 Donati

419 709 816 764 commentum
869 706 932 764 in
986 705 1238 764 duorum
1297 709 1705 781 excerptorum
1765 725 1976 764 manus
2039 706 2278 780 incidit,
2345 709 2450 782 qui

420 798 656 854 servato
722 797 978 853 auctoris
1044 797 1282 853 nomine
1348 795 1572 853 scholia
1635 797 1957 855 maximam
2018 798 2250 871 partem
2313 796 2447 870 plus

420 886 688 943 minusve
734 884 1162 942 transformata
1205 886 1270 942 in
1308 884 1801 942 Terentianorum
1848 885 2114 943 codicum
2151 887 2447 962 margines

420 975 872 1044 transtulerunt.
946 973 1305 1031 Procedente
1351 976 1616 1048 tempore
1663 975 1876 1047 evenit,
1924 976 1992 1031 ut
2027 975 2228 1031 variae
2267 973 2447 1031 adno-

420 1065 677 1122 tationes
733 1063 998 1121 diversae
1054 1064 1299 1140 originis
1354 1064 1476 1121 sive
1524 1063 1597 1120 ab
1643 1064 1790 1138 ipsis
1838 1062 2276 1137 excerptoribus
2323 1065 2446 1121 sive

421 1152 496 1211 ab
553 1153 687 1211 aliis
734 1152 1120 1210 adicerentur.
1215 1151 1368 1209 Tum
1414 1154 1577 1210 sexto
1624 1152 1859 1211 saeculo
1905 1153 2102 1211 nescio
2150 1154 2282 1227 quis
2329 1152 2446 1210 duo

418 1242 529 1300 illa
583 1241 939 1301 scholiorum
993 1257 1241 1316 corpora
1296 1240 1615 1298 admodum
1671 1244 1845 1299 aucta
1898 1243 1962 1299 in
2007 1261 2191 1299 unum
2237 1260 2447 1317 cogere

419 1332 652 1389 studuit
697 1333 876 1405 atque
920 1350 1047 1388 rem
1091 1331 1182 1387 ita
1225 1330 1508 1403 instituit,
1553 1332 1625 1387 ut
1667 1332 1926 1405 primum
1971 1330 2235 1406 singulos
2282 1330 2446 1389 scho-

419 1420 637 1477 liorum
693 1419 925 1479 ordines
980 1419 1136 1477 binis
1193 1418 1481 1478 columnis
1537 1421 1706 1477 iuxta
1757 1420 1970 1494 positis
2032 1438 2100 1476 ex
2147 1419 2445 1479 codicibus

417 1509 854 1582 transcriberet,
884 1508 1091 1566 deinde
1113 1508 1604 1567 Terentianorum
1631 1526 1909 1567 versuum
1929 1509 2194 1566 ordinem
2212 1510 2445 1567 secutus

422 1598 831 1671 confunderet3
878 1597 940 1655 id
987 1597 1146 1672 quod
1193 1596 1248 1655 ei
1292 1616 1412 1656 non
1450 1616 1681 1673 semper
1718 1597 1985 1674 contigit.
2062 1596 2253 1656 Simul
2290 1616 2445 1655 com-

418 1689 701 1746 missuras
750 1706 928 1761 quam
972 1688 1226 1744 maxime
1274 1687 1569 1745 occultare
1616 1690 1861 1745 conatus
1909 1690 2013 1761 est,
2060 1690 2129 1745 ut
2173 1688 2348 1757 unius
2386 1691 2446 1745 et

322 1774 331 1781 ”
420 1777 706 1852 simplicis
753 1776 948 1851 operis
993 1777 1248 1850 speciem
1294 1775 1576 1849 efficeret3
1621 1777 1873 1835 fortasse
1919 1778 2100 1834 etiam
2145 1776 2266 1833 alia
2301 1794 2444 1834 non—

419 1866 588 1924 nulla
634 1865 705 1923 de
751 1884 856 1924 suo
905 1864 1150 1922 addidit.
1227 1863 1596 1940 Compilator
1640 1884 1778 1924 vero
1828 1860 1983 1923 ‘cum
2019 1884 2126 1939 per
2162 1866 2447 1939 quattuor

425 1950 548 2034 [vel
587 1956 863 2030 quinque,
900 1954 1125 2013 scilicet
1159 1952 1344 2012 Andr.
1384 1954 1533 2013 Eun.
1563 1953 1776 2013 Heaut.
1806 1953 1917 2012 Ad.
1948 1953 2118 2028 Hec.3
2164 1954 2236 2013 cf.
2266 1973 2444 2029 supra

421 2045 459 2118 ξ
501 2049 557 2119 5,
582 2040 646 2123 1]
694 2044 928 2103 fabulas
972 2044 1036 2101 id
1082 2043 1298 2121 egisset
1334 2044 1556 2117 sedulo,
1601 2047 1671 2101 ut
1707 2046 1852 2103 duos
1891 2038 2344 2103 commentarios
2381 2044 2444 2100 in

419 2154 604 2191 unum
649 2136 1028 2192 concinnaret
1072 2136 1132 2191 et
1170 2135 1618 2208 contaminaret,
1663 2136 1726 2190 in
1761 2133 2135 2191 Phormionis
2173 2132 2234 2191 H
2264 2134 2300 2191 3
2343 2133 2444 2190 ab—

420 2226 575 2280 iecta
629 2223 822 2281 subito
877 2223 1172 2281 industria
1217 2223 1481 2299 integros
1526 2223 1753 2297 posuit,
1806 2225 2060 2297 primum
2111 2223 2362 2280 alterum
2409 2241 2444 2279 a

420 2333 473 2370 v.
508 2315 542 2370 7
595 2303 761 2392 (nam
814 2313 929 2370 huc
973 2331 1159 2387 usque
1205 2313 1597 2370 contaminati
1641 2304 1806 2391 sunt)
1857 2311 1933 2369 ad
1978 2332 2032 2369 v.
2066 2313 2174 2378 93,
2233 2310 2444 2369 deinde

420 2402 675 2460 alterum
731 2421 767 2459 a
820 2421 872 2459 v.
916 2402 951 2459 5
1012 2401 1088 2459 ad
1141 2421 1195 2459 v.
1243 2403 1352 2474 933
1409 2400 1620 2459 dehine
1675 2403 1874 2459 autem
1918 2418 2071 2474 quae
2117 2402 2446 2474 sequuntur

418 2491 645 2549 scholia
699 2509 883 2565 usque
940 2489 1016 2548 ad
1068 2489 1244 2548 finem
1297 2489 1563 2563 fabulae,
1625 2509 1694 2548 ea
1748 2491 1837 2547 ita
1890 2491 2233 2563 comparata
2289 2492 2445 2562 sunt,

419 2584 489 2638 ut
533 2599 716 2637 unum
761 2579 1247 2638 commentarium
1285 2578 1554 2637 adhiberi
1587 2579 1914 2655 intellegas.
1990 2576 2182 2646 Quare
2219 2580 2444 2636 certum

421 2671 511 2727 est
556 2669 926 2728 Phormionis
973 2671 1369 2727 commentum
1413 2668 1593 2727 fuisse
1641 2669 1936 2742 ultimum,
1983 2667 2058 2724 ad
2105 2666 2262 2742 quod
2309 2686 2444 2725 cum

419 2759 782 2833 pervenisset
832 2758 1209 2833 compilator,
1264 2756 1506 2815 fastidio
1554 2760 1836 2832 concepto
1882 2756 2217 2814 destituerit
2264 2775 2444 2830 quam

419 2865 605 2922 usque
644 2846 886 2905 dederat
921 2841 1185 2921 operam'
1223 2837 1518 2925 (Rabbow
1545 2866 1600 2920 p.
1634 2847 1780 2919 331,
1818 2846 1921 2921 qui
1949 2865 2100 2920 quae
2127 2846 2189 2902 in
2216 2844 2441 2918 period.

418 2937 564 3011 phil.
611 2936 868 2994 Berolin.
913 2937 1109 3009 1895,
1174 2937 1301 2993 427
1362 2937 1630 3010 exposui,
1693 2953 1811 2993 non
1873 2937 2030 2993 recte
2085 2934 2442 2992 intellexisse

417 3017 699 3106 videtur).
799 3024 956 3084 Hinc
1018 3025 1204 3101 igitur
1265 3024 1779 3082 numerosissimae
1843 3023 1984 3082 illae
2041 3023 2445 3098 repetitioneS,

419 3113 557 3171 hinc
604 3132 1019 3191 saepenumero
1065 3113 1447 3189 perturbatus
1494 3113 1849 3171 scholiorum
1888 3112 2048 3186 ordo,
2091 3113 2230 3170 hinc
2265 3131 2444 3186 porro

419 3204 572 3259 mira
625 3203 732 3260 illa
788 3203 863 3261 ad
907 3203 1142 3261 Phorm.
1180 3202 1242 3260 H
1272 3204 1310 3261 3
1370 3204 1686 3261 commenti
1735 3204 1952 3280 forma,
2007 3201 2144 3260 hinc
2190 3202 2443 3276 denique

420 3291 781 3350 rarescentia
829 3292 904 3350 ad
950 3293 1184 3350 Phorm.
1224 3291 1462 3349 III—V
1509 3291 1757 3350 scholia!

552 3380 680 3437 Iam
726 3384 778 3438 si
825 3384 1145 3455 quaeritur,
1191 3399 1332 3437 num
1379 3380 1507 3437 fieri
1552 3382 1755 3455 possit,
1803 3382 1871 3436 ut
1918 3379 2122 3454 aliqua
2167 3399 2236 3438 ex
2273 3383 2444 3454 parte

421 3471 743 3544 genuinum
789 3470 1012 3528 Donati
1059 3473 1456 3528 commentum
1498 3488 1566 3526 ex
1601 3469 1713 3526 hac
1750 3469 2106 3528 scholiorum
2142 3470 2444 3546 farragine

420 3557 720 3632 eliciatur,
785 3560 1058 3635 equidem
1110 3559 1221 3617 hoc
1274 3578 1393 3617 non
1448 3577 1718 3633 prorsum
1772 3560 2138 3634 negaverim,
2194 3558 2295 3617 sed
2350 3578 2444 3618 res
