2669 3938
1045 232 1472 287 PRAEFATIO.
2060 234 2265 287 XXVII

232 385 453 445 codicis
513 384 895 443 carnotensis
958 384 1023 443 in
1075 384 1318 442 Italiam
1377 386 1758 458 translatum,
1823 385 2001 444 habes
2062 386 2272 444 arche--

230 477 446 550 typum
472 473 764 532 librorum
795 473 1012 532 Oamn
1032 464 1129 553 (=
1140 464 1234 554 ω),
1263 475 1368 549 qui
1396 476 1465 531 ut
1482 473 1616 532 aliis
1636 473 1707 531 de
1727 476 1918 533 causis
1937 473 2257 533 verisimile

233 564 320 637 fit,
365 583 488 622 non
537 582 608 621 ex
654 563 843 621 altera
881 562 1360 637 transcriptione,
1405 582 1609 621 verum
1647 581 1715 621 ex
1751 566 1881 637 ipso
1919 564 2263 640 apographo

229 652 494 712 derivati
541 655 697 711 sunt.
771 651 915 708 Iam·
946 653 1213 710 nascitur
1249 654 1537 726 quaestio,
1585 669 1734 726 quae
1771 653 1929 710 inter
1963 652 2261 729 Magunti-

229 762 375 799 num
431 744 495 800 et
542 739 965 799 Garnotensem
1017 740 1350 798 intercedat
1398 741 1578 813 ratio3
1634 759 1772 797 nam
1819 759 1918 799 eos
1964 742 2260 800 artissime

230 830 546 890 cohaerere
600 830 698 888 vel
753 846 1014 887 summus
1068 830 1229 887 inter
1275 830 1331 886 T
1341 829 1523 889 GFR
1569 832 1628 887 et
1678 827 1802 903 Oa,
1859 832 1923 888 in
1971 834 2259 904 quantum

230 920 475 996 quidem
530 918 595 975 hi
648 919 965 994 pristinam
1020 919 1378 993 scripturam
1432 919 1844 993 servaverunt,
1908 917 2080 978 docet
2124 938 2258 978 con·

227 1028 438 1068 sensus
479 1001 583 1088 (cf.
620 1007 769 1066 Mus.
805 1007 991 1064 Rhen.
1020 1006 1133 1066 LII
1164 1000 1294 1088 90).
1370 1007 1569 1083 Atque
1605 1026 1731 1066 rem
1766 1008 1985 1065 iterum
2018 1008 2261 1066 iterum-

228 1117 353 1173 que⁴
390 1097 704 1174 reputanti
749 1096 859 1154 hoc
901 1095 1052 1154 mihi
1097 1104 1294 1171 quam'
1321 1097 1585 1171 proxime
1633 1095 1708 1155 ad
1747 1114 1954 1155 verum
1990 1097 2263 1156 accedere

229 1190 429 1246 visum
496 1189 613 1246 est:
671 1187 736 1243 in
788 1186 921 1261 ipso
977 1185 1176 1244 codice
1233 1183 1582 1245 carnotensi
1635 1186 2047 1245 fasciculorum
2106 1204 2261 1245 com-

232 1295 417 1353 pages
463 1276 667 1333 laxata
714 1277 866 1348 erat,
915 1292 1032 1350 quo
1078 1275 1305 1333 factum
1352 1276 1458 1349 est,
1503 1277 1573 1332 ut
1615 1275 1876 1349 primum
1919 1275 2084 1348 folia,
2131 1277 2261 1351 qui-

233 1365 343 1424 bus
392 1364 623 1423 scholia
671 1363 745 1421 ad
790 1362 1026 1422 Phorm.
1064 1363 1127 1422 H
1158 1365 1215 1437 1,
1244 1365 1462 1423 4—-19
1511 1364 1990 1438 continebantur,
2038 1364 2261 1424 excide-

231 1455 383 1512 rent.
451 1452 678 1521 Quibus
719 1453 948 1510 amissis
986 1471 1055 1509 ex
1093 1452 1291 1511 codice
1327 1453 1451 1510 iam
1478 1452 1754 1512 mutilato
1785 1446 1904 1534 (ff)
1933 1453 2261 1529 descriptus

235 1545 325 1601 est
373 1541 560 1601 codex
596 1540 999 1617 Maguntinus.
1074 1540 1302 1600 Deinde
1349 1542 1473 1599 sive
1517 1541 1698 1616 paulo
1740 1544 1862 1601 sive
1900 1543 2088 1602 multo
2125 1546 2263 1617 post

228 1632 320 1689 illi
351 1650 591 1707 quoque
627 1630 898 1688 fasciculi
928 1630 1302 1704 interierunt,
1340 1631 1403 1687 in
1441 1630 1653 1704 quibus
1683 1650 1752 1688 ea
1781 1632 2096 1690 commenti
2123 1650 2261 1708 pars

228 1722 458 1796 scripta
505 1722 649 1792 erat,
697 1737 849 1793 quae
894 1720 1155 1793 pertinet
1200 1718 1285 1776 adx
1311 1718 1454 1777 Hec.
1483 1718 1576 1776 III
1606 1720 1664 1791 5,
1687 1719 1871 1776 8-V
1903 1722 1960 1794 1,
1983 1723 2038 1778 2.
2103 1720 2260 1778 Hinc

231 1810 461 1868 factum
509 1811 616 1881 est,
663 1810 731 1865 ut
758 1807 970 1865 Vallae
1009 1808 1231 1866 amicus
1269 1825 1404 1865 011111
1445 1806 1862 1866 Garnotensem
1909 1801 2028 1890 (ff)
2065 1809 2260 1884 perlu-

232 1900 472 1972 straret,
517 1898 712 1973 primo
750 1897 957 1954 statim
994 1895 1208 1955 obtutu
1246 1899 1307 1954 et
1341 1898 1401 1953 in
1441 1896 1677 1973 Hecyra
1714 1899 1773 1955 et
1809 1897 1871 1954 in
1909 1896 2260 1957 Phormione

232 1988 452 2047 librum
470 1987 645 2045 illum
663 2006 781 2045 non
803 2004 928 2044 esse
945 1985 1245 2063 integrum
1266 1986 1777 2045 animadverteret.
1816 1987 2058 2046 Minime
2076 1989 2263 2065 igitur

230 2075 600 2136 Sabbadinio
655 2076 932 2133 assentiri
986 2094 1252 2151 possum,
1308 2074 1410 2149 qui
1467 2075 1770 2134 contendit
1824 2068 2052 2155 (‘Studi
2105 2072 2261 2136 ital.’

230 2166 291 2223 II
311 2158 428 2245 53)
478 2164 822 2224 observasse
856 2164 1028 2222 11111111
1056 2163 1266 2223 Vallae
1305 2166 1560 2222 amicum
1596 2165 1732 2223 inde
1772 2186 1816 2223 a(
1843 2166 2076 2224 Phorm.
2107 2166 2198 2224 ΠΙ
2224 2170 2255 2224 1

232 2255 462 2314 scholia
517 2254 811 2329 paulatim
865 2271 1172 2312 rarescere.
1265 2252 1382 2311 Hic
1437 2252 1558 2312 alia
1610 2272 1712 2312 res
1750 2255 2260 2314 commemoranda

233 2347 321 2403 est
367 2347 552 2418 atque
599 2362 668 2401 ea
713 2343 930 2401 summi
974 2342 1258 2401 momenti
1296 2341 1372 2400 ad
1410 2342 1676 2401 codicum
1711 2343 1867 2402 inter
1903 2362 1963 2402 se
1999 2344 2260 2403 rationes

233 2435 445 2492 melius
504 2430 957 2508 perspiciendas
1049 2430 1346 2500 Quattuor
1397 2432 1533 2490 illos
1588 2431 1771 2491 libros
1827 2434 2260 2509 manuscriptos

239 2521 459 2580 Oamn
489 2521 566 2579 ad
595 2520 845 2579 eundem
871 2519 1060 2579 redire
1077 2521 1300 2579 fontem
1324 2511 1426 2600 (ω)
1448 2538 1581 2579 011111
1600 2520 1754 2582 81180
1773 2523 2260 2596 interpolationes

235 2611 512 2670 omnibus
577 2627 913 2668 communes
969 2609 1204 2683 docent,
1269 2612 1400 2668 tum
1456 2610 1558 2684 qui
1612 2613 1747 2685 post
1809 2610 2071 2669 Andriae
2125 2630 2260 2685 pro-

234 2700 438 2778 logum
482 2700 549 2757 in
594 2699 868 2758 omnibus
913 2698 1134 2776 legitur
1177 2700 1496 2771 tractatus,
1548 2718 1725 2774 quem
1769 2699 1834 2758 in
1877 2699 2025 2757 Μ113.
2073 2699 2259 2757 Rhen.

235 2789 345 2848 LII
387 2790 571 2863 ssbsq.
619 2788 984 2862 transcripsi.
1059 2786 1431 2861 Quamquam
1477 2787 1528 2845 si
1571 2786 1679 2846 hos
1726 2787 1952 2846 codices
1997 2790 2154 2846 inter
2198 2807 2260 2847 se

234 2895 661 2954 comparamuS‚
707 2879 862 2935 mira
907 2875 1195 2951 quaedam
1242 2877 1617 2953 cognoscitur
1662 2877 1975 2935 dissensio:
2028 2896 2097 2935 80
2140 2881 2259 2953 pri-

236 2988 395 3026 mum
444 2966 686 3043 quidem
730 2968 797 3040 in
842 2965 1100 3025 codicem
1139 2963 1188 3023 0
1233 2965 1393 3024 haud
1434 2984 1658 3041 paucae
1693 2965 1975 3025 lectiones
2011 2968 2261 3044 irrepse-

236 3060 374 3116 runt
411 3056 743 3131 peculiares
772 3055 827 3112 ei
856 3054 1139 3113 librorum
1175 3056 1397 3130 generi,
1445 3055 1538 3112 cui
1576 3054 1919 3132 assignandi
1956 3059 2099 3115 sunt
2126 3076 2173 3115 e.
2203 3079 2258 3134 g.

237 3146 461 3205 codices
494 3144 719 3202 Lch
743 3136 879 3224 (φ);
916 3143 1125 3201 deinde
1162 3144 1226 3200 in
1263 3162 1302 3200 a
1338 3144 1461 3201 iam
1497 3144 1687 3202 multo
1724 3144 2008 3203 maiorem
2046 3146 2261 3204 talium

236 3235 555 3294 lectionum
592 3252 903 3291 numerum
938 3231 1296 3305 invenimus3
1331 3234 1631 3307 postremo
1670 3233 1896 3292 codices
1931 3253 2041 3292 mn
2076 3254 2260 3311 prope

235 3327 345 3383 toti
390 3326 453 3382 in
500 3322 671 3380 illam
717 3322 1115 3380 recensionem
1162 3320 1452 3395 abierunt,
1497 3341 1636 3378 nam
1681 3340 1799 3379 non
1845 3323 2036 3381 solum
2075 3322 2260 3381 Phor-

238 3414 443 3472 mionis
483 3412 702 3470 lacuna
738 3410 902 3469 illius
940 3411 1160 3469 auxilio
1199 3410 1435 3485 expleta
1473 3413 1578 3483 est,
1617 3411 1719 3469 sed
1757 3411 1937 3469 etiam
1965 3412 2028 3469 in
2058 3412 2262 3470 eodem

240 3504 563 3561 commento
613 3499 690 3558 ad
729 3498 797 3556 II
826 3500 859 3556 3
907 3499 1064 3557 idem
1102 3502 1281 3573 atque
1318 3500 1383 3555 in
1420 3499 1567 3557 Lod
1576 3499 1646 3557 N
1674 3501 1866 3558 exstat
1903 3499 2262 3558 scholiorum

240 3592 390 3668 ord0,
436 3611 571 3651 cum
608 3590 674 3646 in
709 3587 815 3646 Oa
849 3588 1037 3646 adhuc
1075 3587 1388 3646 distinctae
1427 3588 1548 3645 sint
1584 3590 1762 3646 series
1792 3587 2261 3656 adnotationum,
