2669 3938
380 170 518 234 496
1004 169 1284 225 DONATI
1320 168 1795 224 COMMENTVM

380 321 805 397 imperatiuum
852 323 994 379 erat.
1135 323 1171 381 3
1218 322 1303 380 Et
1349 315 1498 380 ‘ubi'
1544 323 1661 380 nisi
1706 322 1987 397 quando
2033 324 2423 398 intellexeriS,

382 411 601 469 uitium
647 412 750 468 est.

169 503 340 561 1089
515 492 608 558 59
668 502 700 557 1
750 516 871 556 ISTI
909 518 986 555 TE
1023 516 1421 558 IGNORABANT
1458 499 1648 577 figura
1688 499 1941 580 ὃιλογίαε
1980 501 2054 558 ad
2090 504 2421 576 utrumque

380 589 536 647 enim
582 589 860 663 pertinet,
906 589 967 646 et
1011 587 1086 646 ad
1131 589 1370 647 laudem
1417 592 1477 647 et
1523 588 1598 646 ad
1643 584 2248 667 <uituperationem>.

381 680 416 736 2
466 695 670 736 nonus
718 694 982 735 osmem
1026 696 1082 735 T.
1131 680 1190 736 et
1233 677 1345 736 hoo
1390 678 1751 755 ambiguum.
2480 700 2506 739 5

170 771 343 828 1090
515 760 610 825 60
670 768 703 823 1
768 783 1095 825 suevi-mvn
1139 784 1346 825 FACTA
1391 786 1469 825 ET
1515 787 1571 827 v.
1610 786 1666 825 T.
1703 786 1742 824 1.
1791 770 1850 825 et
1897 768 2009 827 hoo
2055 765 2416 846 ἀμφίβολον,

379 876 519 914 nam
594 850 893 913 ‘uirtutes’
958 854 1271 934 εἰρωνικῶς
1330 875 1439 932 pro
1504 856 1669 915 uitiis
1734 859 2067 932 ponuntur,
2129 859 2199 915 ut
2263 848 2412 938 (Ad.

375 945 484 1004 IV
518 949 574 1013 7,
617 938 683 1025 5)
742 939 951 1003 ‘neseis
1005 948 1106 1018 qui
1148 947 1247 1004 uir
1290 940 1419 1003 siet'
1470 949 1521 1010 et
1564 938 1708 1026 (Ad.
1746 946 1834 1003 II
1867 950 1935 1013 1,
1973 938 2092 1026 22)
2139 941 2415 1005 ‘ornatus

378 1053 530 1093 esses
587 1054 657 1092 ex
708 1034 829 1092 tuis
883 1028 1247 1093 uirtutibus’.
1478 1037 1514 1092 2
1572 1051 1775 1092 FACTA
1828 1053 1908 1092 ET
1966 1054 2023 1094 v.
2071 1054 2127 1093 T.
2172 1035 2417 1110 proprie

376 1123 667 1181 militibus
716 1122 1128 1181 adscribuntur
1165 1117 1390 1181 ‘faota'.
1529 1124 1566 1181 3
1614 1140 1818 1181 FACTA
1853 1142 1933 1180 ET
1971 1142 2026 1182 v.
2059 1143 2112 1180 Τ.
2154 1125 2414 1182 amarior
2445 1146 2504 1184 10

381 1215 471 1272 est
515 1211 710 1270 ironia
754 1213 818 1269 in
863 1213 1112 1271 uitiosos
1158 1212 1424 1271 homines
1470 1231 1651 1287 quam
1696 1213 1937 1271 ueritas

173 1304 347 1361 1092
517 1294 607 1359 62
672 1304 704 1358 1
754 1319 1058 1366 NVMQVAM
1086 1319 1276 1359 ETIAM
1302 1320 1406 1361 FVI
1433 1318 1681 1366 stvAM
1719 1295 2089 1377 ‘numquam'
2128 1304 2186 1360 et
2216 1302 2419 1360 locum

385 1393 445 1449 et
479 1393 713 1466 tempus
751 1390 1064 1467 signifieat,
1100 1384 1402 1466 eusquam'
1438 1391 1631 1448 locum
1668 1392 1876 1467 magis.
2029 1393 2064 1449 2
2111 1408 2417 1455 NVMQVAM

382 1497 491 1555 pro
539 1497 690 1536 non.
898 1481 934 1538 3
991 1481 1077 1537 Et
1121 1474 1469 1555 ‘numquam
1512 1474 1789 1554 usquam'
1835 1483 1915 1561 τῷ
1961 1476 2258 1562 ἀρχαϊσμῷ
2302 1498 2415 1554 pro

386 1563 529 1626 ‘non
582 1562 874 1643 usquam',
934 1568 997 1625 id
1056 1571 1147 1627 est
1203 1587 1511 1643 nusquam.
1760 1571 1799 1626 4
1862 1586 2007 1633 va
2064 1587 2148 1625 Mn
2210 1586 2415 1627 OMNES
2447 1589 2500 1629 15

385 1675 679 1715 AMARENT
731 1659 1093 1716 contrarium
1138 1659 1444 1732 superiori.
1537 1658 1679 1733 quid
1726 1660 1816 1717 est
1861 1658 2018 1715 enim
2065 1657 2220 1732 quod
2262 1658 2412 1715 bene

385 1766 504 1805 non
550 1746 756 1804 fecerit
801 1747 1130 1822 quisquam,
1178 1748 1229 1805 si
1272 1747 1337 1804 in
1381 1747 1488 1805 illo
1536 1749 1642 1821 est,
1687 1749 1756 1804 ut
1801 1744 2072 1804 ametur?
2229 1735 2243 1755 ⁸

173 1837 345 1894 1093
519 1827 611 1893 63
675 1840 703 1892 1
757 1853 1032 1894 ΑΤΤΙΟΑΜ
1064 1855 1118 1895 Ε.
1150 1839 1210 1895 et
1245 1836 1357 1895 hoo
1393 1835 1732 1913 εἰρωνικῶς,
1777 1838 1847 1894 ut
1881 1836 1988 1893 illa
2026 1854 2176 1910 quae
2214 1853 2409 1910 supra.

518 1927 554 1983 2
603 1918 916 1984 ‘Atticam'
968 1924 1113 1984 dicit
1156 1944 1397 1984 ueram
1443 1928 1622 2001 atque
1678 1943 2107 2002 germanam,
2165 1925 2304 2000 quia
2351 1927 2414 1984 et

383 2015 597 2073 oultior
632 2014 970 2089 eloquentia
995 2016 1245 2073 Attica
1281 2014 1500 2073 dicitur
1537 2017 1597 2073 et
1633 2016 1847 2074 summi
1885 2016 2147 2073 oratores
2174 2014 2412 2072 Attici
2440 2036 2495 2075 20

382 2103 672 2179 appellati
718 2106 871 2161 sunt.
2590 2095 2591 2102 '

174 2195 342 2250 1094
517 2184 611 2250 64
671 2194 704 2249 1
756 2210 1037 2251 PRAETER
1080 2210 1430 2252 PRomssvu
1478 2196 1537 2251 et
1589 2193 1699 2251 hoo
1739 2192 1813 2251 ad
1848 2195 2164 2267 utrumque
2198 2209 2412 2265 anceps

387 2284 477 2339 est
521 2281 827 2340 intellectu
873 2285 1124 2359 gemino.
1287 2284 1322 2339 2
1372 2301 1474 2339 ΙΤΕ
1516 2299 1640 2340 HAG
1689 2300 1805 2357 quo
1851 2284 2028 2340 uocat
2072 2277 2411 2356 parasitus?

527 2421 557 2468 2
598 2418 684 2469 est
730 2416 791 2482 V,
844 2419 966 2469 erat
1006 2416 1050 2470 Ο
1100 2417 1117 2486 ΙΙ
1172 2422 1205 2469 3
1243 2414 1564 2469 isti-to·i·
1609 2416 1653 2470 Ο
1708 2417 1716 2484 Ι
1775 2415 2020 2485 figurata
2058 2392 2302 2484 di⁸10gia
2349 2414 2410 2481 V,

384 2484 635 2553 adilogia
658 2486 714 2553 Ο,
744 2487 924 2556 figura
954 2486 1205 2556 dialogia
1234 2488 1337 2555 (vel
1365 2486 1632 2556 diologia)
1663 2488 1787 2541 dett.
1821 2487 1841 2559 ΙΙ
1865 2494 1899 2540 4
1935 2484 2414 2555 uituperationem

383 2558 508 2611 add.
542 2559 650 2623 W.;
690 2559 758 2624 ef.
789 2559 968 2613 Andr.
991 2560 1133 2627 prol.
1166 2564 1218 2625 6,
1256 2559 1410 2611 Eun.
1439 2559 1536 2611 IV
1558 2562 1610 2623 4,
1637 2562 1708 2612 21
1737 2560 1756 2627 ΙΙ
1785 2563 1816 2611 5
1856 2577 2081 2612 osi-num
2110 2557 2182 2628 Τ.]
2220 2558 2407 2611 osten-

385 2628 472 2681 dit
510 2628 554 2683 Ο
588 2630 779 2699 (deta),
827 2646 926 2684 om.
966 2630 1019 2683 V
1047 2631 1066 2699 ΙΙ
1104 2635 1135 2683 6
1174 2647 1345 2683 mou
1367 2629 1514 2700 ——1.]
1558 2628 1649 2682 fao
1672 2660 1681 2669 ·
1705 2631 1762 2683 et
1784 2660 1794 2670 ·
1816 2628 2016 2683 uir-t·
2061 2629 2105 2683 Ο
2142 2631 2150 2698 Ι
2195 2626 2413 2709 amphi-

383 2733 554 2789 bolon
589 2736 741 2790 codd.
771 2736 789 2807 Η
819 2741 847 2788 7
886 2752 1017 2789 nam
1054 2737 1135 2790 ed.
1158 2753 1273 2805 pr.:
1313 2752 1388 2789 an
1423 2736 1574 2789 codd.
1608 2738 1616 2805 Ι
1649 2734 1904 2805 yronicos
1944 2736 2092 2806 OVl
2124 2703 2413 2805 poffiiiltur

384 2808 540 2874 (corr.
568 2824 636 2861 m.
658 2810 697 2860 2
723 2834 790 2852 =
820 2807 967 2877 dett.)
1012 2807 1066 2861 V
1112 2808 1131 2878 Η
1177 2813 1209 2860 8
1247 2806 1431 2875 qui—
1454 2806 1584 2878 siet]
1624 2824 1721 2860 cur
1758 2806 1898 2861 sciet
1937 2808 1981 2863 0
2022 2810 2039 2877 ΙΙ
2077 2813 2108 2860 9
2147 2826 2196 2861 v.
2235 2807 2308 2878 T.]
2349 2809 2414 2860 ut

387 2877 502 2931 GV
556 2880 576 2947 11
632 2884 697 2931 10
734 2877 1010 2932 militibus
1049 2896 1149 2933 om.
1190 2880 1243 2932 V
1294 2881 1302 2947 Ι
1361 2877 1515 2931 facta
1553 2896 1651 2933 om.
1685 2879 1732 2931 0
1775 2880 1783 2947 Ι
1833 2898 1883 2933 v,
1913 2879 1986 2949 T.]
2016 2880 2080 2931 ut
2117 2879 2179 2945 V,
2217 2896 2287 2931 u·
2323 2878 2369 2933 0
2391 2880 2412 2947 ΙΙ

385 2953 449 3002 11
490 2948 688 3017 yronia
728 2950 775 3004 G
794 2950 847 3003 V
885 2952 892 3019 Ι
939 2966 1109 3018 quam
1145 2949 1356 3004 ueritas
1393 2966 1495 3004 om.
1528 2950 1573 3004 Ο
1605 2952 1622 3019 ΙΙ
1663 2955 1727 3002 12
1765 2967 1929 3002 num
1965 2949 2079 3020 rv1]
2115 2948 2200 3002 fui
2237 2952 2295 3003 et
2332 2948 2380 3003 0

382 3020 713 3091 numquam]
749 3038 1027 3089 nusquam
1066 3020 1179 3075 GV
1201 3024 1218 3091 ΙΙ
1250 3027 1315 3075 13
1353 3037 1529 3088 usque
1561 3020 1606 3074 Ο
1628 3020 1648 3093 ΙΙ
1677 3027 1743 3074 14
1780 3037 2029 3089 unquam
2064 3037 2300 3088 usquam
2333 3021 2378 3076 Ο

382 3098 458 3144 τῶ
497 3092 783 3161 ἀρχαίσμω
823 3093 891 3161 V3
930 3109 965 3146 *
985 3110 1018 3146 *
1038 3110 1175 3147 *202*
1199 3113 1228 3146 *
1261 3092 1307 3146 0
1331 3111 1346 3132 ’1
1379 3098 1444 3145 15
1481 3108 1595 3145 non
1614 3124 1680 3131 —
1702 3094 1789 3145 est
1816 3107 1918 3146 om.
1942 3091 1988 3145 0
2016 3096 2024 3161 Ι
2057 3091 2191 3160 quia
2219 3108 2410 3146 omnes

383 3179 473 3216 me
502 3165 756 3216 amarent
786 3162 832 3216 Ο
852 3165 869 3234 ξξ
906 3169 969 3217 16
1001 3163 1229 3231 quidem
1257 3162 1408 3217 enim
1429 3163 1473 3218 0
1496 3163 1516 3235 Η
1547 3168 1609 3216 17
1638 3179 1751 3216 non
1779 3165 1922 3231 dett„
1951 3180 2050 3217 om.
2079 3163 2190 3217 GV
2215 3165 2222 3231 Ι
2256 3162 2411 3230 quio-

384 3286 553 3337 quam
595 3270 660 3336 Ο,
708 3247 1005 3337 quif'pquam
1054 3271 1106 3324 V
1137 3273 1225 3340 (=
1255 3272 1403 3341 dett.)
1447 3269 1468 3343 ΙΙ
1514 3276 1580 3323 18
1618 3269 1810 3323 Attica
1845 3287 1913 3324 ex
1949 3268 2132 3322 amica
2163 3286 2297 3324 corr.
2333 3270 2406 3342 01

383 3341 460 3411 n]
508 3340 595 3394 elo
635 3340 701 3408 0,
749 3358 850 3396 om.
889 3341 942 3395 V
986 3345 994 3409 Ι
1043 3342 1300 3409 yronicos
1340 3341 1455 3396 GV
1497 3343 1504 3410 Ι
1555 3342 1641 3412 ut]
1679 3343 1738 3394 et
1777 3342 1821 3396 Ο
1853 3340 1873 3413 Η
1908 3346 1975 3393 22
2011 3358 2249 3393 ramma
2282 3360 2411 3395 rno-

383 3413 601 3481 mssvu]
646 3412 982 3481 promissum
1022 3413 1090 3479 Ο,
1163 3411 1618 3482 praetermissum
1670 3412 1801 3484 <est
1854 3414 2000 3481 (add.
2048 3430 2115 3465 m.
2161 3412 2264 3485 2)>
2323 3413 2414 3486 Vss

387 3504 454 3551 23
510 3498 800 3553 intellectu
855 3489 1141 3570 geminui'n
1178 3503 1333 3571 (corr.
1372 3519 1441 3556 m.
1469 3505 1508 3555 2
1536 3528 1603 3547 =
1634 3501 1779 3570 dett.)
1824 3501 1885 3568 V,
1923 3499 1983 3554 in
2018 3499 2304 3568 geminum
2335 3502 2378 3555 Ο
2396 3501 2409 3573 Ι

385 3568 527 3634 Item
568 3571 613 3624 Ο
641 3572 650 3639 Ι
682 3587 791 3637 quo
828 3588 895 3625 ex
931 3588 1039 3640 que
1076 3589 1211 3627 corr.
1245 3573 1289 3627 Ο
