2669 3938
361 229 441 282 VI
1163 229 1592 284 PRAEFATIO.

365 374 597 457 [1883]
657 381 958 438 317—47
1026 383 1086 438 et
1149 374 1505 439 ‘Euanthius
1570 379 1639 438 de
1693 379 1923 454 fabula,
1986 380 2255 438 Donatus
2310 381 2384 439 de

364 463 687 528 comoedia'
741 470 805 526 in
860 469 1093 546 Fragm.
1153 468 1313 529 Com.
1364 469 1562 527 Graec.
1613 469 1699 527 ed.
1746 468 1958 527 Kaibel
2003 468 2035 525 Ι
2073 469 2238 527 62-
2251 463 2384 550 71),

364 557 737 616 Eduardus
803 557 1379 617 Scheidemantel
1445 549 1881 638 (‘Quaestiones
1947 554 2381 616 Euanthianae'

362 646 522 721 Lips.
576 639 805 728 1883),
869 647 1221 706 Henricus
1288 647 1768 723 Gerstenberg
1797 639 1974 729 (‘De
2039 647 2382 725 Eugraphio

363 736 625 794 Terentii
687 729 1032 811 interprete'
1096 736 1271 795 Ienae
1333 732 1558 812 1886),
1622 735 1667 793 Ι.
1723 736 1769 794 Ι
1828 735 2173 793 Hartman
2238 728 2381 816 (‘De

364 825 640 883 Terentio
687 827 745 884 et
791 819 1051 884 Donato'
1098 824 1284 902 Lugd.
1324 826 1456 883 Bat.
1500 817 1717 906 1895),
1768 824 2029 883 Paulus
2076 824 2381 883 Rabbow

363 905 505 994 (‘De
550 914 772 972 Donati
819 917 1147 972 commento
1193 916 1256 971 in
1294 915 1637 972 Terentium
1682 915 1975 989 specimen
2022 914 2382 973 observatio-

362 1023 505 1060 num
539 997 820 1078 primum'
858 1002 921 1060 in
958 1003 1111 1061 Ann.
1150 1003 1353 1079 philol.
1388 1005 1576 1076 1897,
1617 995 1971 1076 305—42),
2007 1001 2383 1060 Eduardus

364 1091 661 1168 Smutny
708 1085 849 1171 (‘De
897 1091 1252 1151 scholiorum
1291 1092 1779 1150 Terentianorum
1826 1111 1975 1166 quae
2013 1092 2120 1150 sub
2158 1092 2379 1149 Donati

361 1181 598 1240 nomine
634 1181 906 1239 feruntur
943 1181 1279 1240 auctoribus
1319 1183 1378 1239 et
1409 1179 1672 1240 fontibus
1703 1181 2077 1256 quaestiones
2107 1175 2380 1238 selectae’

362 1269 424 1326 in
471 1269 626 1328 Diss.
673 1269 877 1345 philol.
908 1269 1158 1328 Vindob.
1188 1269 1276 1327 VI
1316 1264 1544 1348 [1898]
1592 1261 1942 1350 93—137).
1987 1302 2061 1308 —-
2112 1269 2383 1343 Denique

363 1358 698 1416 addendum
753 1361 843 1416 est
895 1378 989 1416 me
1043 1360 1239 1434 ipsum
1285 1358 1357 1417 de
1403 1359 1626 1417 Donati
1672 1361 2002 1417 commento
2050 1357 2384 1433 disputasse

363 1448 425 1504 in
461 1447 608 1506 Mus.
648 1447 831 1504 Rhen.
870 1446 983 1504 LII
1012 1438 1244 1528 (1897)
1286 1449 1544 1507 69-98
1587 1441 1749 1524 (Ἱ)19
1776 1434 2228 1524 Uberlieferung
2263 1466 2380 1506 von

361 1536 498 1593 Aeli
552 1537 774 1594 Donati
837 1540 1230 1595 commentum
1285 1528 1575 1617 Terenti')
1642 1540 1702 1596 et
1763 1538 1828 1594 in
1890 1536 2382 1595 commentatione

362 1625 759 1701 gratulatoria
811 1625 1129 1701 philologis
1184 1626 1661 1703 paedagogisque
1706 1624 2056 1684 Germaniae
2104 1644 2155 1683 a.
2209 1627 2376 1683 1899

362 1714 638 1772 Bremam
693 1715 1067 1772 conventuris
1115 1713 1386 1773 dedicata
1435 1707 2015 1795 (Untersuohungen
2063 1735 2164 1772 zur
2208 1715 2378 1773 latei-

360 1803 601 1862 nischen
657 1797 1254 1861 Scholienlitteratur'
1308 1824 1365 1879 p.
1419 1796 1679 1883 1-28),

1298 2069 1432 2145 §1-

1140 2196 1598 2254 T‘estimonia.

400 2315 451 2376 1)
504 2313 732 2366 Hievffo‘n
773 2312 952 2366 cho-‚on
993 2313 1068 2365 ad
1105 2329 1155 2365 a.
1187 2315 1322 2366 353:
1364 2310 1704 2365 ‘Victorinus
1742 2314 1800 2365 et
1827 2311 2130 2365 Donatus
2160 2327 2378 2380 gram-

502 2381 818 2448 maticus,
855 2385 1264 2451 praeceptor
1294 2398 1502 2450 meu3‚
1541 2382 1796 2437 Romae
1779 2381 2027 2453 insignes
2056 2381 2375 2436 habentur?

396 2457 449 2522 2>
500 2454 643 2508 idem
687 2471 867 2508 comm.
915 2455 979 2506 in
1023 2455 1195 2509 eccles.
1226 2460 1289 2507 1.·
1338 2454 1503 2507 ‘Hinc
1550 2452 1687 2521 quid
1733 2453 1914 2508 simile
1961 2452 2273 2508 sententiae
2320 2457 2383 2507 et

505 2524 748 2578 comicus
795 2524 878 2578 ait
916 2526 1062 2591 (Ter.
1102 2526 1254 2579 Ewn.
1289 2526 1431 2592 prol.
1461 2529 1554 2592 41)
1605 2524 1782 2580 »nihil
1819 2528 1905 2579 est
1940 2523 2176 2592 dictum,
2225 2526 2379 2593 quod.

501 2613 614 2649 non
652 2595 726 2649 sit
764 2594 975 2649 dictum
1001 2595 1208 2665 prius«,
1247 2597 1397 2650 uncle
1425 2599 1833 2665 praeceptor
1859 2611 2041 2649 meus
2071 2595 2378 2650 Donatus

503 2684 628 2720 cum
682 2666 868 2736 ipsum
921 2666 1252 2721 versiculum
1307 2670 1610 2736 exponeret
1665 2669 1967 2736 »pereant«
2013 2666 2200 2736 inquit
2246 2667 2378 2735 »qui

501 2741 634 2792 ante
671 2755 773 2792 nos
808 2740 1002 2792 nostra
1039 2738 1373 2794 dixerunt«.'

645 2810 756 2876 (De
786 2810 884 2863 hoc
912 2810 1024 2864 loco
1050 2817 1187 2864 recte
1213 2810 1620 2878 interpretando
1648 2827 1693 2862 v.
1715 2810 1762 2862 1.
1786 2809 1854 2862 A.
1878 2810 2081 2863 Becker
2107 2810 2169 2863 in
2193 2827 2378 2881 proyr.

499 2898 681 2950 yymn.
722 2881 979 2951 Mayunt.
1020 2885 1400 2950 18701918)

396 2955 450 3020 3)
500 2952 642 3005 idem
687 2952 828 3020 apol.
878 2953 998 3005 adv.
1047 2953 1316 3019 Rufinum
1354 2956 1533 3018 1,16·
1582 2950 1745 3004 ‘Puto
1793 2950 1945 3018 quod
1989 2926 2129 3020 puer
2172 2950 2377 3020 legeris

500 3021 667 3091 Aspri
702 3022 763 3075 in
799 3021 1109 3091 Vergilium
1147 3024 1203 3076 et
1240 3021 1572 3076 Sallustium
1609 3021 2034 3075 commentarios
2076 3065 2085 3074 .
2120 3065 2129 3074 .
2163 3065 2174 3076 .
2215 3025 2272 3075 et
2308 3022 2377 3075 in

501 3092 807 3147 Terentii
886 3093 1271 3147 comoedias
1346 3092 1820 3173 praeceptoris
1890 3092 2019 3147 mei
2093 3092 2378 3159 Donati,

502 3181 678 3232 aeque
715 3163 776 3217 in
812 3163 1123 3234 Vergilium
1161 3167 1219 3218 et
1256 3164 1491 3218 aliorum
1529 3163 1588 3217 in
1627 3162 1807 3216 alios.’

395 3240 448 3304 4)
501 3236 825 3290 Priscianus
868 3237 1039 3290 instit
1085 3238 1715 3305 yramm.18,162—63
1756 3235 1879 3302 (G-r.
1911 3235 1977 3288 L.
2006 3235 2120 3287 III
2135 3238 2266 3300 281,
2291 3239 2378 3300 7).·

314 3319 320 3323 ‘
505 3306 855 3359 ‘Ausculto
902 3305 1035 3361 tibi
1083 3309 1141 3359 et
1184 3309 1279 3360 te:
1330 3349 1340 3359 .
1419 3304 1771 3360 .Terentius
1819 3305 1878 3358 in
1924 3304 2137 3358 Andria
2177 3347 2186 3357 .
2220 3347 2230 3358 .
2266 3349 2276 3358 .
2315 3305 2376 3357 in

502 3377 699 3431 eadem
729 3378 866 3445 (III
887 3382 937 3444 3,
958 3382 1016 3446 4)
1057 3377 1349 3432 »ausculta
1374 3349 1590 3457 ΗΡ91109ε
1631 3378 1689 3429 et
1724 3376 1860 3444 quid
1899 3393 2001 3445 ego
2038 3378 2096 3429 te
2123 3375 2289 3429 velim
2318 3379 2382 3429 et

500 3451 564 3501 tu
602 3448 751 3515 quod
788 3448 1010 3516 quaeris
1049 3448 1312 3503 scies«—
1333 3464 1437 3502 nec
1475 3447 1623 3501 enim
1661 3446 1826 3500 aliter
1860 3449 1974 3500 stat
1999 3445 2239 3514 iambus,
2277 3447 2377 3515 qui

501 3522 587 3573 est
631 3518 1020 3586 quaternarius
1070 3551 1161 3587 -‚
1212 3519 1364 3587 quod
1410 3518 1581 3572 etiam
1626 3518 1884 3571 Donati
1932 3520 2380 3573 commentum

500 3607 640 3660 appi
643 3591 814 3644 obat?
