2669 3938
359 150 490 214 268
982 148 1260 203 DONATI
1296 148 1769 204 COMMENTVM

362 300 516 359 dono
556 301 778 359 amicae
818 319 956 359 suae
993 302 1157 358 uexit
1184 300 1415 358 Thaidi.
1488 320 1696 359 uerum
1721 305 2039 376 postquam
2067 301 2385 361 adueniens

359 390 612 448 riualem
656 388 1009 448 Phaedriam
1056 389 1215 465 apud
1262 391 1514 449 amicam
1557 391 1844 465 repperit,
1892 409 2066 466 quem
2109 407 2217 467 per.
2262 392 2386 451 eius

365 478 694 538 absentiam
757 478 870 536 sibi
923 481 1201 537 meretrix
1265 480 1712 553 conciliauerat,
1776 479 2100 538 affirmauit
2154 499 2213 539 se
2269 499 2387 539 non

362 570 500 627 ante
527 567 807 625 daturum
833 569 1185 643 promissam
1213 570 1532 645 uirginem,
1573 586 1751 642 quam
1781 569 1960 627 Thais
1998 570 2158 628 foras
2190 588 2384 628 aemu-

360 656 485 714 lum
539 656 879 732 pepulisset.
971 658 1077 715 illa
1121 656 1307 733 igitur
1354 659 1467 716 etsi
1512 656 1753 716 amabat
1797 656 2176 733 Phaedriam,
2222 660 2383 734 cupi·
2436 684 2463 726 5

362 745 550 804 ditate
609 748 810 804 tamen
869 745 1304 820 recuperandae
1369 746 1621 823 uirginis
1686 749 1747 804 et
1811 748 1957 806 ciuis
2020 746 2260 806 Atticae
2325 750 2385 805 et

364 853 542 910 quam
581 853 617 892 a
653 835 907 909 paruula
950 837 1021 893 ut
1066 853 1324 894 sororem
1371 835 1682 908 dilexerat,
1728 835 1978 894 exclusit
2014 835 2381 895 Phaedriam.

359 924 499 981 hinc
560 924 662 981 ille
724 923 917 999 primo
981 925 1284 998 irascitur,
1348 926 1485 999 post
1549 927 1792 999 accepta
1854 924 2000 983 facti
2061 927 2293 984 ratione
2350 945 2386 984 a

362 1011 587 1070 Thaide
633 1013 854 1070 lenitur
899 1014 959 1070 et
1002 1015 1067 1070 in
1101 1012 1268 1070 bidui
1305 1011 1565 1088 spatium
1603 1016 1810 1088 sponte
1848 1014 2168 1073 concedens
2204 1014 2386 1072 militi

359 1119 461 1160 rus
506 1100 897 1176 proficiscitur
942 1102 1148 1161 statim
1195 1120 1288 1176 ac,
1345 1121 1417 1160 ne
1473 1102 1568 1159 uel
1623 1102 1962 1161 muneribus
2019 1086 2100 1162 ab‘
2153 1103 2381 1161 aemulo
2410 1128 2464 1167 10

362 1192 740 1265 superaretur
811 1191 1028 1265 milite,
1100 1192 1226 1265 ipse
1301 1209 1534 1265 quoque
1609 1192 1940 1250 eunuchum
2004 1195 2065 1250 et
2123 1191 2384 1268 puellam

361 1277 715 1336 Parmenoni
787 1279 953 1337 iubet
1017 1277 1219 1338 abiens
1294 1279 1370 1336 ad
1445 1279 1697 1338 amicam
1769 1280 2068 1339 deducere.
2177 1300 2384 1339 uerum

364 1365 624 1427 Chaerea
669 1368 854 1426 frater
898 1367 1223 1426 Phaedriae
1261 1369 1405 1426 tunc
1443 1368 1699 1444 ephebus
1737 1370 1870 1428 uisa
1904 1371 1966 1427 in
2012 1370 2114 1428 uia
2150 1371 2382 1447 uirgine

359 1456 761 1515 inflammatus
808 1475 1007 1515 amore
1063 1458 1187 1515 eius
1245 1456 1321 1515 ad
1347 1457 1479 1516 'hoc
1535 1459 1727 1516 euasit
1773 1457 1981 1517 ardore
2027 1459 2382 1534 uehementi,

361 1548 430 1603 ut
473 1564 580 1620 pro
628 1546 893 1604 eunucho
938 1548 1065 1620 ipse
1112 1544 1498 1604 deduceretur
1544 1546 1620 1605 ad
1668 1546 1968 1605 Thaidem.
2058 1547 2170 1606 hac
2216 1566 2381 1607 occa·
2409 1572 2466 1612 15

361 1635 524 1693 sione
570 1636 788 1692 uitiata
832 1636 1002 1711 uirgo
1059 1637 1119 1692 et
1163 1652 1300 1692 mox
1349 1637 1494 1694 ciuis
1542 1638 1602 1693 et
1646 1635 1862 1694 nobilis
1920 1638 2159 1712 cognita
2203 1635 2381 1695 datur

359 1741 509 1780 uxor
555 1722 878 1798 Chaereae3
924 1722 1217 1782 Phaedria
1271 1727 1332 1781 et
1385 1725 1553 1783 miles
1610 1743 1681 1782 ex
1724 1723 2011 1783 riualibus
2069 1725 2382 1784 concordes

360 1831 467 1888 per
511 1814 842 1887 parasitum
885 1810 1106 1870 redditi
1163 1815 1459 1871 communi
1507 1815 1698 1872 amica
1742 1814 1866 1872 sine
1913 1813 2231 1872 certamine
2277 1832 2382 1889 po-

359 1902 609 1959 tiuntur.

1318 2045 1426 2103 III.

499 2203 530 2258 1
598 2200 670 2258 In
706 2202 897 2277 primo
937 2206 1073 2262 actu
1102 2204 1396 2265 Phaedria
1433 2206 1698 2264 exclusus
1738 2225 1773 2264 a
1811 2205 2034 2264 Thaide
2081 2207 2140 2263 et
2186 2224 2382 2264 secum
2410 2229 2469 2267 20

359 2291 551 2364 primo
600 2293 659 2348 et
704 2311 839 2350 mox
895 2312 1027 2351 cum
1072 2292 1438 2353 Parmenone
1495 2296 1873 2369 conqueritur
1925 2295 2195 2353 fortunas
2243 2312 2381 2354 suas

506 2501 533 2548 1
574 2511 707 2549 suae
745 2511 843 2551 om.
884 2497 939 2551 V
976 2501 994 2567 ss
1040 2504 1070 2550 2
1109 2497 1369 2568 riualem]
1410 2500 1466 2552 et
1500 2498 1706 2552 malem
1748 2499 1833 2569 ΤΙ
1875 2515 1983 2567 que
2024 2499 2067 2553 Ο
2108 2501 2126 2569 ΙΙ
2183 2504 2214 2551 3
2253 2515 2385 2553 con-

360 2564 653 2620 siliauerat
693 2567 744 2620 T
788 2571 796 2634 Ι
845 2585 958 2621 non
1006 2571 1136 2623 ante
1184 2586 1241 2624 se
1294 2569 1465 2623 TCF
1504 2571 1522 2638 ΙΙ
1568 2574 1601 2621 4
1659 2569 1903 2623 emulum
1939 2568 2074 2623 foris
2112 2568 2272 2640 (furis
2314 2571 2385 2639 T)

366 2636 539 2691 TGF
575 2640 593 2706 ΙΙ
639 2643 671 2691 5
717 2639 1061 2708 pepercisset
1104 2640 1154 2693 T
1199 2641 1206 2708 Ι
1252 2639 1450 2711 igitur]
1490 2656 1621 2709 ergo
1664 2641 1837 2695 TOF
1876 2644 1894 2711 Η
1941 2646 1971 2693 6
2012 2643 2202 2694 tamen
2240 2640 2384 2723 <et>

364 2708 536 2764 TC'F
563 2711 570 2778 Ι
602 2708 850 2781 Atticae]
890 2710 1067 2765 amice
1108 2710 1223 2765 OF
1243 2713 1261 2780 ΙΙ
1291 2717 1320 2763 7
1361 2710 1610 2765 excludit
1644 2713 1695 2766 T
1714 2715 1732 2781 ΙΙ
1760 2717 1791 2765 8
1829 2712 1922 2765 hic
1953 2712 2067 2766 CF
2092 2714 2099 2783 Ι
2134 2714 2385 2766 oratione

2149 2796 2174 2824 0

365 2833 415 2886 Τ
425 2832 537 2887 OF
582 2835 589 2901 Ι
639 2849 674 2885 a
711 2849 810 2888 om.
856 2836 906 2888 T
955 2838 973 2904 ΙΙ
1029 2840 1059 2887 9
1117 2837 1175 2888 et
1220 2840 1278 2900 in
1323 2834 1485 2889 bidui
1524 2834 1767 2905 spatium
1806 2838 2003 2905 sponte
2042 2836 2384 2901 contendens

360 2902 532 2957 militi
577 2904 650 2970 V,
708 2906 765 2958 et
812 2906 906 2973 (qz
955 2907 1023 2974 T)
1068 2905 1128 2958 in
1174 2923 1239 2960 eo
1287 2906 1489 2960 cedens
1536 2907 1880 2976 (fficocedffis
1933 2909 2004 2976 T,
2051 2906 2112 2960 in
2158 2909 2383 2961 conten-

361 2974 497 3028 dens
538 2975 620 3044 F)
675 2974 844 3030 militi
896 2976 1079 3046 (multi
1125 2978 1191 3047 T)
1242 2976 1404 3030 bidui
1457 2978 1704 3047 spatium
1755 2981 1951 3049 sponte
1998 2978 2116 3049 (-tis
2155 2978 2384 3032 credens

364 3046 434 3116 T)
475 3046 649 3100 TGF
679 3049 697 3115 ΙΙ
740 3052 806 3101 10
845 3048 936 3170 aci]
976 3050 1165 3101 autem
1214 3048 1266 3100 V
1301 3050 1307 3117 ἱ
1351 3047 1495 3122 (in)
1535 3048 1857 3104 muneribus
1898 3050 1944 3104 Ο
1980 3052 1987 3119 Ι
2029 3049 2100 3104 ab
2140 3048 2384 3121 aemulo]

362 3116 621 3171 abeundo
676 3118 797 3187 TO,
859 3134 892 3171 a
933 3119 1115 3172 eundo
1163 3118 1224 3172 F
1272 3121 1291 3189 ΙΙ
1348 3125 1410 3173 11
1470 3120 1590 3188 ipse
1638 3122 1884 3193 quoque]
1940 3119 2149 3188 quique
2203 3120 2385 3190 (quin-

359 3204 467 3254 que
508 3188 573 3255 Ο,
612 3204 953 3257 quamquam
996 3191 1062 3258 T)
1098 3188 1219 3259 ipse
1262 3190 1435 3245 TOF
1474 3193 1492 3260 ΙΙ
1541 3197 1605 3243 12
1652 3190 2003 3261 parmenonii
2044 3192 2095 3244 T
2134 3193 2141 3260 Ι
2184 3191 2385 3246 ducere

369 3258 672 3327 T0F1113
712 3258 941 3313 chedria
980 3261 1031 3313 T
1070 3264 1089 3330 ss
1145 3266 1212 3314 14
1251 3261 1354 3334 (ἱῖ)
1437 3278 1624 3316 amore
1669 3262 1757 3330 Vl
1791 3263 1864 3316 ad
1899 3262 2002 3316 hec
2042 3262 2111 3331 Ο,
2151 3262 2223 3316 ad
2260 3261 2389 3315 hui⁹

366 3327 416 3378 T
456 3331 475 3396 ΙΙ
522 3333 587 3381 16
628 3329 855 3383 duceret
894 3331 954 3384 F
974 3334 993 3400 ΙΙ
1033 3337 1097 3385 16
1137 3331 1344 3386 uitiata
1407 3332 1651 3387 intracta
1691 3333 1738 3388 Ο
1768 3336 1786 3402 ΙΙ
1824 3339 1888 3386 17
1929 3331 2075 3405 (et)
2112 3332 2386 3404 phaedria

370 3428 577 3510 Vll-18
615 3413 953 3500 parasgitum
1001 3437 1053 3489 V
1088 3439 1095 3504 Ι
1136 3437 1257 3491 redi
1299 3440 1362 3508 T,
1419 3438 1629 3493 redidit
1660 3438 1707 3494 (J
1754 3443 1772 3509 ΙΙ
1827 3445 1894 3492 20
1934 3408 2070 3511 (gl)
2099 3438 2157 3493 in
2187 3441 2243 3493 Β
2293 3443 2300 3509 Ι
2352 3456 2387 3493 a

363 3494 582 3553 Thaide
619 3518 718 3555 om.
759 3506 814 3558 B
847 3509 854 3573 Ι
888 3509 1140 3560 secutum
1178 3509 1239 3562 F

2494 560 2533 592 *s
