2669 3938
1042 234 1479 293 PRAEFATIO.

235 391 399 449 Eun.
415 390 547 448 III
563 394 622 458 1,
635 389 872 449 34'ideo
892 391 1033 466 quia
1048 407 1201 456 scor·
1249 366 1255 373 ⁵

736 482 800 537 ta
859 482 1001 537 sunt
1053 479 1203 536 dura

739 569 915 626 coria.
972 588 1007 626 a
1032 571 1202 643 parte

737 676 874 734 ergo
903 658 998 715 sui
1020 675 1202 715 mere-

735 748 910 804 trices
1008 749 1204 804 scorta

736 835 1026 893 dicuntur.

324 1023 359 1053 7,
453 978 501 1035 I
511 978 566 1036 V
583 977 640 1045 5,
660 981 704 1036 2
733 978 834 1036 sed
870 980 942 1036 ut
975 977 1086 1036 hoc
1113 978 1203 1053 ip-

738 1085 871 1125 sum
896 1068 1019 1126 iam
1047 1085 1202 1125 erro-

733 1156 816 1214 ris
897 1159 1052 1214 esset
1137 1174 1203 1214 ac

734 1246 1112 1304 uinolentiae.

326 1432 360 1462 „
454 1387 567 1444 IV
583 1390 644 1453 7,
670 1389 708 1443 6
736 1389 973 1470 proprie
1014 1389 1202 1446 mani-

395 1486 401 1491 ’
733 1477 911 1551 pulus
985 1477 1202 1536 milites

734 1567 970 1623 centum
987 1565 1203 1625 Roma-

734 1655 799 1711 ni
809 1657 870 1712 et
878 1653 1079 1712 Latini
1091 1655 1201 1713 sub

732 1742 849 1812 uno
950 1744 1201 1802 centuri-

736 1851 863 1908 one,
911 1851 978 1891 ex
1015 1835 1202 1891 mani·

738 1922 880 1999 pulo
971 1921 1204 1997 herbae,

730 2030 904 2086 quem
912 2030 1020 2087 pro
1033 2014 1201 2089 signo

735 2100 1146 2176 sequebantur.

322 2288 358 2318 ‚,
382 2243 596 2310 4Νη,
619 2244 705 2300 39
736 2245 796 2301 et
820 2243 991 2302 miles
1021 2243 1090 2300 de
1111 2242 1202 2301 his

720 2331 942 2391 officiis
955 2378 970 2407 ,
1052 2351 1203 2407 quae
1298 2377 1305 2384 .

735 2440 840 2479 suo
965 2421 1201 2479 nomine

734 2510 1158 2568 contumeliosa

734 2601 888 2657 sunt.

234 2739 347 2799 Ad.
377 2741 512 2799 ΙΙΙ
525 2742 588 2807 3,
611 2740 695 2798 35
742 2741 826 2799 sic
872 2743 932 2798 et
975 2742 1038 2798 in
1083 2740 1203 2798 Eu-

735 2829 958 2888 nucho:
1005 2832 1065 2889 et
1100 2849 1202 2888 no-

733 2918 1057 2977 minatiuus
1144 2920 1205 2976 et

737 3008 1021 3082 septimus
1035 3026 1201 3067 casus

733 3100 931 3172 potest
974 3105 1115 3155 esse.

272 3287 307 3315 ‚,
354 3240 500 3298 ΊΙΙ
514 3242 576 3307 4,
601 3242 686 3296 47
731 3238 946 3296 idonea
1027 3257 1204 3297 causa

733 3327 1015 3386 aduersus
1031 3328 1202 3386 uiuos

732 3416 1000 3475 faciendo
1093 3435 1202 3491 pro

726 3508 965 3564 ¹mortuo
1043 3507 1200 3564 scili-

735 3598 843 3653 cet.

2088 235 2266 290 XXXI

1311 393 1373 448 et
1395 390 1629 448 ¹dicitur
1667 391 1925 448 scortum
1949 390 2097 465 ‘quia
2125 393 2267 448 tunc

1400 480 1753 555 aperiuntur.
1765 478 1914 537 dura
1933 479 2092 537 coria
2107 480 2268 538 dicta

1389 571 1612 627 scorta.
1649 568 1982 627 meretrices
2012 587 2151 646 ergo
2173 570 2266 628 sui

1400 660 1596 716 scorta
1642 656 1931 715 dicuntur.

1311 979 1414 1037 sed
1451 1011 1535 1020 —
1583 978 1948 1037 uinolentiae
1996 994 2265 1035 accumu-

1399 1069 1564 1127 latio.

1310 1386 1552 1464 proprie
1598 1387 1938 1464 manipulus
1986 1391 2076 1446 est
2111 1388 2265 1445 mili-

1399 1480 1505 1536 tis:
1534 1496 1668 1536 cum
1695 1477 1949 1536 Romani
1977 1481 2038 1536 et
2063 1476 2267 1536 Latini

1402 1566 1509 1625 sub
1541 1585 1657 1625 uno
1686 1567 2026 1625 centurione
2044 1566 2266 1625 bellum

1402 1656 1738 1732 aggressuri
1807 1655 2265 1731 deputabantur,

1400 1745 1513 1804 sibi
1547 1744 1652 1802 'illi
1698 1747 1917 1803 sertam
1961 1744 2058 1804 uel
2104 1761 2265 1802 coro-

1399 1853 1539 1891 nam
1578 1853 1644 1892 ex
1681 1834 1986 1908 manipulo
2021 1832 2119 1891 vel
2148 1832 2266 1891 alio

1397 1923 1573 1981 hu'ius
1636 1922 1797 1981 modi
1862 1922 2266 1997 conficiebant,

1401 2031 1551 2087 quae
1631 2031 1739 2088 pro
1822 2012 1989 2090 signo
2064 2031 2267 2087 seque-

1302 2110 1309 2116 ‘
1398 2101 1631 2160 bantur.

1310 2244 1481 2304 miles
1510 2243 1928 2303 contumeliose
1956 2243 2123 2301 dixit.
2192 2245 2265 2302 ab

1400 2334 1492 2394 his
1539 2334 1696 2391 enim
1743 2332 1969 2407 officiis,
2017 2334 2123 2407 qui
2160 2351 2265 2391 suo

1400 2424 1637 2482 nomine
1666 2421 1921 2481 uocandi
1939 2424 2095 2495 sunt,
2125 2420 2265 2479 data

1400 2512 1689 2571 uocabula
1700 2510 2265 2570 contumeliosacen-

1401 2604 1617 2660 sentur.

1313 2745 1398 2801 sic
1454 2745 1513 2801 et
1556 2743 1620 2799 in
1665 2742 1951 2800 Eunucho
1999 2734 2156 2799 ‘eum
2204 2759 2264 2799 se

1401 2831 1656 2889 intendit
1703 2849 1855 2905 esse,
1909 2831 1978 2887 ut
2032 2832 2123 2887 est
2168 2829 2265 2888 de-

1400 2914 1648 2979 mentia’
1661 2911 1752 3001 (i).
1783 2922 1842 2978 et
1860 2918 2264 2978 nominatiuus

1402 3027 1569 3068 casus
1598 3010 1794 3085 potest
1823 3026 1946 3067 esse
1977 3011 2035 3066 et
2069 3007 2264 3066 abla-

1400 3098 1614 3157 tiuus.

1309 3239 1525 3299 idonea
1539 3272 1627 3279 —-
1644 3242 1814 3298 uiuos
1836 3239 2265 3314 querimoniam

1403 3328 1673 3388 faciendo
1710 3357 1797 3369 -—
1836 3326 2074 3387 scilicet.
