2669 3938
410 226 617 280 XXXII

409 375 523 436 Ad.
564 377 671 435 IV
687 376 744 445 5,
769 380 844 436 61
894 396 1073 452 quam
1090 378 1243 437 nihil
1257 379 1365 435 im-

895 466 1124 542 periose
1163 485 1230 526 ac
1257 484 1366 541 pro

898 557 1252 615 auctoritate
1261 574 1366 631 pa-

897 644 1034 704 tris!

898 753 1017 792 non
1046 727 1143 792 ‘ne
1172 736 1251 793 sis
1276 753 1368 793 so-

904 817 1073 882 eors’.

458 956 493 986 ‚‚
565 911 610 968 I
617 911 672 969 V
685 914 744 979 7,
770 913 852 969 18
898 911 1050 971 nihil
1079 911 1243 971 aliud
1261 931 1367 971 uo·

896 1001 1058 1059 lebat
1145 1001 1369 1061 Demea

899 1090 1016 1149 nisi
1029 1092 1102 1149 ut
1110 1090 1370 1150 saeuiret

896 1178 1091 1238 Micio.

455 1313 490 1344 „
563 1268 669 1325 IV
683 1270 742 1336 7,
766 1270 850 1325 34
900 1286 1085 1343 equus
1145 1268 1368 1328 duriuS.

474 1402 489 1431 ‚
608 1357 737 1424 V3,
762 1360 843 1415 10
893 1360 1107 1433 putare
1119 1358 1370 1417 estfalsa

900 1450 961 1505 et
975 1464 1139 1506 cassa
1160 1466 1197 1505 a
1209 1449 1369 1506 ueris

898 1538 958 1593 et
995 1536 1244 1595 utilibus
1278 1556 1368 1595 re-

898 1643 1108 1684 secare.

409 1712 483 1769 H
478 1729 550 1771 ec.
615 1714 660 1770 I
671 1715 732 1781 2,
753 1716 794 1772 7
801 1711 838 1770 5
877 1713 1200 1791 uigilanter
1208 1715 1370 1790 quod

901 1805 991 1862 est
1050 1797 1370 1881 ‘integram

899 1895 969 1950 ut
1049 1894 1250 1968 accepi
1333 1912 1372 1952 a

899 1976 1071 2041 suis’:
1170 1984 1370 2058 potuit

897 2072 1054 2129 enim
1096 2075 1156 2130 et
1192 2074 1367 2131 uitia-

899 2162 1024 2218 tam
1057 2162 1368 2236 accepisse.

483 2249 740 2369 ,ΙΙΙ2,
761 2250 846 2307 21
895 2251 957 2308 et
974 2247 1037 2308 τὸ
1059 2243 1178 2308 dic
1196 2246 1368 2308 mihi'

898 2340 1185 2397 curiosius
1280 2340 1370 2397 in-

892 2428 1251 2505 terrogantis
1264 2430 1371 2487 est.

410 2515 851 2589 Phorm.prol.2
897 2511 1245 2575 transdere’
1270 2537 1369 2576 ue·

897 2608 1050 2665 teres
1160 2624 1371 2664 sonan-

900 2696 1038 2768 tiuS,
1077 2694 1234 2770 quod
1261 2713 1369 2754 nos

899 2784 1088 2843 lenius
1222 2778 1365 2843 ‘tra-

899 2866 1074 2931 dere’.

503 3007 535 3037 ‚‚
625 2964 742 3031 12,
770 2965 804 3020 1
897 2963 1077 3021 tertia
1096 2980 1365 3039 persona,

501 3184 534 3214 ‚‚
622 3141 742 3208 12,
764 3142 805 3199 3
898 3140 1117 3199 ordine.

503 3273 535 3303 „
589 3230 676 3287 II
688 3233 742 3298 1,
762 3232 849 3288 23
897 3247 1077 3305 quam
1153 3231 1368 3305 pacato

900 3337 1016 3376 ore.

1196 223 1623 281 PRAEFATIO.

1476 396 1656 452 quam
1701 407 1789 416 —
1835 375 2023 453 patris
2069 374 2193 436 fian

1474 751 1593 792 non
1641 732 1792 792 dixit
1839 727 1936 792 ‘ne
1981 732 2060 791 sis
2107 726 2345 792 socors'.

1475 910 1626 969 nihil
1654 943 1742 951 —
1763 912 1986 970 Demea
2015 929 2220 986 quam
2248 912 2316 968 ut
2346 942 2435 950 —

1564 1001 1757 1059 Micio.

1478 1287 1663 1343 equus
1708 1267 1956 1345 ligneus.

1476 1360 1688 1433 putare
1715 1389 1802 1398 ——
1822 1356 1977 1415 falsa
2004 1360 2066 1414 et
2090 1355 2433 1414 infructi-

1565 1437 1804 1527 fera(!)
1863 1477 1947 1514 —‚
2001 1464 2263 1504 resecare
2328 1443 2432 1518 (cf.

1564 1534 1741 1595 Arch.
1780 1537 1883 1595 lex.
1923 1536 2021 1593 lat.
2060 1536 2096 1592 l.
2135 1533 2226 1608 c).

1477 1714 1801 1792 uigilanter
1817 1713 1974 1790 quod
1989 1717 2079 1772 est
2090 1707 2434 1790 ‘integram'

1567 1795 2436 1883 specificat(l),idesttalem

1568 1893 1804 1968 qualem
1841 1893 2043 1968 accepi
2080 1910 2117 1949 a
2144 1893 2292 1951 suis:
2328 1908 2434 1967 po-

1565 1983 1686 2041 tuit
1740 1984 1848 2040 etc.
1920 1981 2018 2054 (cf.
2084 1980 2259 2041 Arch.
2326 1983 2433 2040 leae.

1568 2073 1666 2130 lat.
1715 2073 1750 2130 l.
1798 2069 1890 2143 c.).

1479 2253 1539 2308 et
1575 2281 1662 2290 —-
1694 2249 1867 2307 mihi:
1914 2248 2007 2307 dio
2053 2248 2297 2308 uerbum
2344 2252 2437 2306 est

1566 2341 1849 2397 instantis
1897 2337 2099 2396 audire
2147 2340 2206 2395 et
2242 2337 2433 2395 eurio-

1567 2428 1689 2486 sius
1734 2425 2172 2503 interrogantiS.

1482 2510 1831 2576 transdere'
1847 2516 2139 2573 —lenius
2161 2517 2434 2573 enuntia-

1568 2625 1699 2665 mus
1747 2599 2041 2663 ‘tradere'.

1478 2961 1656 3020 tertia
1692 2980 1943 3037 persona
1980 2961 2051 3020 de
2091 2980 2151 3020 se
2184 2962 2434 3035 loquens

1565 3069 1705 3109 usus
1752 3053 1856 3109 est.

1478 3139 1742 3198 ordinem
1788 3138 2068 3197 seruauit.

1477 3248 1657 3304 quam
1701 3228 1837 3287 miti
1878 3230 2135 3304 pectore.

547 3495 707 3565 Quae
764 3497 869 3572 qui
923 3496 1399 3569 consideraverit,
1453 3496 1627 3554 facile
1683 3494 2008 3573 intelleget,
2064 3514 2242 3571 quam
2286 3494 2438 3553 bene

415 3584 475 3640 in
513 3584 667 3643 hano
683 3585 972 3644 Italorum
1009 3587 1404 3647 recensionem
1433 3585 1741 3660 quadrent,
1769 3602 1919 3660 quae
1949 3584 2109 3660 apud
2126 3583 2439 3661 Voigtium
