2669 3938
418 192 498 256 18
1033 190 1314 254 DONATI
1351 189 1822 246 COMMENTVM

412 346 647 420 postea,
700 344 833 400 tum
877 342 1195 417 praecipue
1239 341 1552 403 Menandri
1598 343 1954 419 Terentique
2001 348 2107 403 est.
2197 345 2269 412 de
2317 365 2441 421 qua

414 451 548 491 cum
591 432 783 490 muita
829 430 1077 489 dicenda
1123 429 1267 506 sint,
1319 433 1416 489 sat
1462 431 1579 490 erit
1622 434 1825 490 tamen
1853 434 2041 491 ,uelut
2085 433 2440 494 admonendi

414 520 652 580 lectoris
699 537 878 578 causa
924 519 1081 594 quod
1123 518 1194 576 de
1231 522 1361 577 arte
1398 519 1622 578 comica
1664 520 1729 579 in
1765 524 2035 580 ueterum
2072 525 2252 582 cartis
2297 525 2440 583 reti-

414 612 591 669 netur
641 627 974 684 exponere..

547 714 640 773 m
679 717 712 773 1
782 714 1102 774 Comoedia
1148 715 1327 773 uetus·
1368 714 1442 773 ab
1481 715 1653 775 initio
1702 716 1916 777 chorus
1954 718 2071 776 fuit
2115 719 2435 794 paulatim·
2492 740 2518 780 5
2557 697 2569 709 ’

415 823 530 880 que
575 823 964 879 personarum
1008 823 1251 863 numero
1306 804 1371 861 in
1422 805 1683 881 quinque
1740 809 1907 865 actus
1952 809 2255 883 processit.
2347 809 2439 868 ita

418 893 714 969 paulatim
767 893 934 952 uelut
988 893 1198 951 attrito
1254 896 1434 968 atque
1490 897 1807 954 extenuato
1863 895 2038 955 choro
2096 896 2170 954 ad
2217 898 2440 955 nouam

417 981 779 1041 comoediam
833 983 917 1041 sic
969 982 1271 1057 peruenit,
1325 985 1397 1040 ut
1447 983 1512 1040 in
1568 1002 1637 1041 ea
1691 1003 1810 1042 non
1864 985 2038 1044 modo
2092 1004 2209 1043 non
2263 984 2436 1043 indu—

413 1074 581 1130 catur
627 1070 865 1145 choruS,
921 1071 1022 1129 sed
1076 1090 1149 1129 ne
1195 1072 1360 1131 locus
1408 1072 1644 1147 quidem
1688 1073 1845 1132 ullus
1900 1074 2022 1131 iam
2064 1074 2435 1149 relinquatur

344 1200 349 1205 -
413 1160 607 1220 choro,
696 1180 836 1219 nam
890 1162 1208 1236 postquam
1270 1160 1461 1219 otioso
1523 1165 1790 1238 tempore
1851 1163 2218 1222 fastidiosior
2271 1181 2434 1239 spec·
2465 1186 2518 1225 ιο

409 1252 576 1310 tator
621 1249 858 1308 effectus
897 1251 988 1308 est
1033 1251 1094 1307 et
1138 1251 1294 1324 tum,
1343 1267 1477 1308 cum
1522 1249 1596 1309 ad
1628 1253 1976 1311 'cantatores
2024 1251 2098 1310 ab
2138 1251 2435 1312 actoribus

410 1338 614 1397 fabula
657 1338 1007 1413 transiebat,
1052 1356 1401 1416 consurgere
1444 1341 1505 1397 et
1541 1339 1703 1399 abire
1741 1342 1951 1416 coepit,
1995 1359 2089 1400 res
2128 1341 2441 1400 admonuit

412 1430 636 1505 poetas,
681 1430 750 1485 ut
793 1428 985 1503 primo
1035 1428 1271 1502 quidem
1313 1428 1519 1488 choros
1563 1429 1844 1488 tollerent
1887 1431 2084 1488 locum
2129 1431 2213 1490 eis
2259 1431 2438 1489 relin-

414 1519 677 1593 quentes,
722 1518 791 1574 ut
832 1516 1156 1575 Menander
1197 1517 1341 1587 fecit
1384 1517 1495 1576 hac
1540 1517 1611 1575 de
1650 1537 1843 1593 causa,
1888 1537 2006 1578 non
2052 1522 2121 1577 ut
2167 1520 2273 1578 alii
2318 1521 2439 1578 exi-

412 1607 659 1664 stimant
696 1596 842 1663 alia(
903 1608 1202 1683 postremo
1239 1625 1312 1664 ne
1349 1606 1544 1665 locum
1582 1606 1819 1681 quidem
1854 1608 2239 1683 reliquerunt,
2277 1608 2437 1684 quod
2464 1629 2519 1670 15

410 1694 613 1753 Latini
670 1695 938 1753 fecerunt
1001 1695 1234 1770 comici,
1298 1695 1454 1754 unde
1520 1695 1678 1772 apud
1740 1696 1876 1754 issos
1937 1696 2208 1757 dirimere
2269 1700 2435 1757 actus

413 1780 930 1860 quinquepartitos
977 1783 1217 1847 difficile
1265 1786 1370 1843 est.

548 1875 584 1931 2
641 1872 781 1930 tum'
809 1871 991 1930 etiam
1029 1870 1239 1931 Graeci
1273 1873 1552 1950 prologos
1597 1892 1719 1932 non
1752 1874 1974 1934 habent
2006 1892 2169 1934 more
2206 1878 2435 1934 nostro-

409 1982 560 2036 rum,
599 1980 744 2036 quos
771 1960 975 2021 Latini
1000 1960 1236 2022 habent.
1275 1981 1278 1985 “
1312 1961 1522 2023 deinde
1559 1961 1744 2035 θεοὺς
1781 1959 1896 2024 ἀπὸ
1934 1972 2218 2044 μηχανῆς,
2253 1964 2317 2022 id
2346 1967 2437 2024 est

353 2055 356 2059 ’
412 2051 549 2110 deos
605 2052 968 2127 argumentis
1028 2050 1340 2111 narrandis
1404 2052 1798 2128 machinatos,
1863 2054 2041 2112 ceteri
2097 2052 2300 2113 Latini
2356 2054 2433 2112 ad
2464 2077 2519 2115 20

557 2297 586 2344 1
624 2306 760 2359 -que
797 2293 884 2345 est
920 2309 1022 2347 om.
1061 2291 1123 2345 F
1169 2294 1188 2362 ΙΙ
1243 2298 1275 2346 2
1311 2294 1527 2365 tamen]
1570 2292 1709 2346 mihi
1754 2293 1870 2347 TF
1907 2296 1925 2363 ΙΙ
1972 2299 2003 2346 3
2042 2294 2181 2363 quid
2222 2294 2431 2366 TOFf

410 2363 471 2416 in
512 2380 612 2417 om.
656 2363 707 2416 Τ
715 2362 828 2417 FO
843 2362 896 2415 V
931 2365 938 2431 Ι
988 2362 1196 2416 ueteris
1234 2363 1296 2417 F
1331 2367 1341 2434 Ι
1392 2363 1602 2418 chartis
1641 2364 1711 2434 F,
1750 2364 1931 2418 carnis
1969 2367 2024 2420 A
2069 2367 2077 2437 Ι
2123 2364 2438 2419 retinentur

412 2435 492 2504 A,
532 2434 878 2515 etincturOII,
896 2432 1188 2514 ’rimentur
1219 2434 1284 2502 Ο,
1313 2433 1584 2517 timentur
1614 2435 1692 2504 F,
1723 2435 2040 2489 continetur
2065 2438 2131 2490 in
2156 2453 2265 2491 ras.
2307 2436 2391 2490 V’
2415 2436 2439 2509 11

411 2505 589 2630 {2153
591 2504 1653 2647 ᾞΒΑὛᾛηῖιῇξὸεῳὲῗῗοέιὲὶο
1660 2509 1766 2633 ''A“
1793 2523 2166 2634 saw&
2184 2523 2437 2646 affl·

412 2664 478 2701 ac
508 2648 578 2728 Υ,
615 2664 716 2702 om.
751 2647 802 2700 T
833 2650 852 2717 ΙΙ
888 2652 920 2700 8
957 2664 1070 2701 non
1097 2652 1150 2702 2.
1181 2665 1280 2703 om.
1318 2648 1435 2702 TF
1456 2651 1475 2719 ΙΙ
1502 2654 1533 2702 9
1570 2648 1725 2703 iocus
1739 2620 1811 2703 ’A
1841 2652 1849 2718 Ι
1880 2647 2109 2717 quidem
2145 2667 2271 2705 secr.
2307 2649 2391 2702 V²

412 2718 772 2787 dehnquatur
799 2718 861 2772 F
908 2720 928 2788 ΙΙ
968 2725 1033 2772 11
1075 2721 1161 2773 est
1197 2722 1256 2774 et
1291 2721 1431 2775 Leo:
1469 2723 1528 2775 et
1554 2722 1634 2788 A,
1671 2722 1759 2774 est
1795 2721 1857 2790 V,
1897 2723 2046 2775 esset
2084 2721 2275 2787 TF03
2312 2721 2431 2776 secl.

415 2824 578 2880 Goetz
636 2826 644 2895 Ι
702 2827 838 2879 tunc
881 2824 1119 2880 TFG'V
1168 2829 1176 2893 Ι
1235 2829 1490 2881 cantores
1539 2829 1618 2893 A,
1667 2829 1881 2880 actores
1933 2826 2172 2882 TFGV
2210 2830 2219 2894 Ι
2279 2805 2434 2881 ἔσω-

409 2895 562 2950 ribus
601 2898 749 2966 (θεον.
786 2913 855 2950 m.
885 2900 943 2966 2)
982 2897 1082 2967 Vu
1121 2904 1186 2950 12
1224 2897 1508 2951 transibat
1535 2897 1649 2952 FC
1677 2902 1684 2966 Ι
1718 2897 1873 2951 adire
1909 2897 2145 2951 TFC'V
2178 2899 2186 2966 1
2227 2896 2432 2967 coepit,

409 2983 497 3020 res
535 2967 674 3023 Leo:
721 2966 998 3037 coepisset
1034 2967 1275 3023 ATCV
1319 2972 1326 3036 Ι
1379 2968 1654 3039 coepisset
1673 3001 1739 3009 —-
1761 2968 1841 3024 eis
1880 2985 1979 3023 om.
2015 2969 2076 3023 F
2120 2971 2129 3038 Ι
2177 2968 2436 3023 amonuit

415 3037 472 3107 G,
512 3038 822 3093 ammonuit
854 3040 906 3092 T
941 3040 961 3110 ΙΙ
1009 3045 1074 3092 13
1113 3056 1269 3093 coros
1303 3041 1353 3093 T
1381 3039 1685 3110 [tollerent
1718 3056 1816 3094 om.
1851 3041 1901 3093 T
1911 3040 2023 3095 CV
2056 3044 2064 3104 Ι
2105 3039 2185 3093 eis
2224 3039 2435 3110 Steph.:

412 3107 531 3162 eius
567 3111 719 3165 codd.
783 3112 803 3181 11
869 3116 934 3164 14
970 3110 1076 3182 hec
1105 3112 1160 3165 A
1220 3112 1238 3180 ΙΙ
1302 3117 1371 3164 15
1410 3110 1582 3164 aliam
1609 3110 1784 3182 (alias
1809 3112 1883 3182 T)
1920 3113 2202 3181 postremo
2240 3111 2435 3181 TFG,

413 3195 512 3250 alii
555 3197 618 3251 in
652 3194 976 3268 proscaenio
1022 3201 1069 3269 (r
1102 3216 1250 3267 sscr„
1302 3198 1347 3253 ii
1392 3207 1442 3255 et
1487 3216 1613 3254 scae
1658 3201 1722 3254 in
1759 3216 1868 3255 rae.
1906 3218 1975 3255 m.
2014 3202 2071 3271 2)
2129 3201 2181 3254 V
2216 3203 2224 3268 Ι
2264 3200 2435 3255 relin-

413 3319 598 3388 querit
630 3322 692 3390 T,
728 3322 1018 3391 relinque?
1045 3325 1101 3378 A
1127 3326 1146 3394 ΙΙ
1184 3330 1249 3378 16
1288 3274 1430 3379 alios
1470 3283 1619 3393 aptid
1650 3324 1697 3378 C
1724 3328 1731 3394 Ι
1765 3324 2036 3379 diromere
2078 3326 2129 3379 T
2148 3327 2167 3395 u
2207 3330 2272 3380 18
2310 3328 2434 3380 tum

411 3390 614 3459 Steph.:
682 3410 809 3446 cum
861 3394 1012 3449 codd.
1069 3397 1078 3465 1
1140 3398 1456 3449 nostrorum
1511 3397 1779 3465 (praeced.
1839 3397 1937 3451 lac.
1993 3397 2091 3469 T)]
2148 3400 2434 3451 oratorum

413 3460 619 3517 Schoell
672 3464 790 3520 coll.
829 3465 1033 3520 Heaut.
1065 3468 1207 3535 prol.
1251 3471 1350 3534 11,
1403 3467 1523 3522 Hec
1581 3469 1724 3536 prol.
1772 3468 1851 3521 II
1866 3473 1943 3532 1,·
2005 3477 2083 3521 an
2144 3467 2379 3538 eorum?
2416 3471 2436 3538 Η

416 3553 481 3602 19
530 3537 1277 3610 ΘΕΟῩΟΔΝΟΜΗΧὰΝΗΟᾎ
1328 3558 1410 3624 A,
1445 3573 1480 3611 *
1507 3573 1542 3610 *
1570 3573 1604 3610 *
1630 3573 1664 3610 *
1692 3573 1727 3610 *
1754 3573 1788 3610 *
1815 3574 1850 3611 *
1878 3573 1912 3610 *
1959 3555 2199 3610 TFCV
