2669 3938
649 1051 1286 1152 Corrigenda
1343 1057 1444 1129 et
1499 1053 1983 1129 addenda.

297 1295 429 1350 pag.
534 1285 585 1346 5,
615 1285 646 1333 2
718 1295 846 1348 pro:
886 1279 1106 1333 esidens
1144 1281 1277 1350 leye:
1315 1278 1582 1333 residens,

356 1393 386 1416 ,,
491 1356 575 1417 10,
608 1358 636 1404 1
713 1367 839 1420 app.
872 1366 1001 1419 pro:
1040 1366 1185 1419 quae
1229 1351 1280 1405 T
1310 1351 1444 1420 leye:
1485 1365 1593 1419 que
1635 1351 1685 1403 Τ

374 1464 386 1487 ,
496 1427 583 1487 49,
613 1428 644 1476 9
708 1437 843 1490 pro:
881 1422 932 1473 A
968 1422 1101 1490 leye:
1140 1423 1204 1474 A.

355 1535 386 1559 „
497 1498 583 1557 49,
615 1499 679 1546 11
713 1508 842 1560 pro:
880 1509 969 1557 ne,
1008 1493 1140 1561 leye:
1180 1534 1194 1558 ‚
1231 1508 1304 1546 ne

354 1605 385 1629 ,,
498 1569 584 1629 52,
616 1569 683 1617 10
712 1579 843 1632 pro:
882 1562 1025 1616 leuis
1064 1564 1195 1633 leye:
1234 1562 1369 1616 talis
1408 1561 1527 1631 (Sic
1563 1562 1848 1631 Rabbow).

354 1677 386 1701 ,,
496 1640 582 1700 54,
613 1640 646 1688 8
711 1649 841 1703 pro:
882 1633 992 1687 Sed
1030 1633 1161 1704 leye:
1202 1634 1299 1686 sed

373 1747 385 1770 ‚
499 1711 585 1771 54,
617 1711 681 1759 11
714 1721 845 1773 pro:
883 1721 996 1758 non
1036 1704 1265 1757 ‘nollem
1305 1705 1436 1775 leye:
1479 1705 1614 1757 ‘non
1650 1703 1859 1758 nollem

354 1818 385 1841 ,,
499 1781 584 1842 58,
615 1782 643 1828 1
720 1776 853 1846 leye:
892 1774 1291 1845 prohibebant'
1336 1780 1405 1842 (v.
1435 1778 1551 1843 27).
1591 1791 1715 1845 erqo

373 1888 386 1911 ‚
499 1852 584 1913 60,
615 1853 682 1901 24
721 1847 855 1916 leqe:
894 1847 993 1899 sed
1032 1845 1285 1915 quotidie
1325 1846 1534 1900 dicitur
1571 1846 1688 1913 (Sic
1724 1845 1990 1913 Rabbow)

353 1959 385 1985 ‚‚
501 1923 584 1984 64,
612 1923 647 1972 4
720 1934 847 1987 app.
886 1918 1050 1972 adde:
1089 1917 1390 1971 mulierum
1426 1918 1694 1974 Rabbow:
1734 1916 1974 1971 multum
2009 1917 2162 1974 codd.

371 2031 384 2055 ‚
499 1994 585 2055 65,
615 1994 647 2042 9
715 2005 844 2057 prot
885 2030 898 2054 ,
936 1989 1001 2042 ut
1038 1990 1170 2060 leye:
1213 2032 1222 2042 .
1263 1991 1322 2043 eb

353 2102 384 2126 ,,
500 2066 585 2126 65,
616 2065 685 2113 20
713 2075 848 2129 pro:
891 2066 923 2114 6
962 2061 1094 2129 leye:
1134 2065 1168 2112 4

353 2173 384 2197 ,,
500 2135 585 2196 66,
618 2136 685 2184 18
713 2146 846 2199 pro:
885 2130 959 2183 Et
995 2132 1129 2200 leye:
1167 2131 1251 2184 Et

352 2244 383 2268 ,,
498 2206 584 2267 68,
614 2207 646 2254 2
722 2217 848 2270 app.
880 2218 1014 2269 pro:
1051 2202 1074 2272 ]
1113 2200 1189 2255 sit
1224 2202 1360 2271 leqe:
1399 2201 1664 2257 Rabbow:
1705 2200 1780 2254 sib

352 2316 383 2339 ,,
500 2276 585 2338 68,
618 2276 682 2325 16
712 2272 845 2342 leye:
884 2276 910 2322 †
940 2290 1167 2326 onum
1193 2276 1247 2340 †;
1300 2273 1365 2325 in
1405 2288 1532 2340 app.
1574 2272 1727 2326 add:
1784 2272 1944 2326 schol.
1985 2272 2225 2339 pertinet
2260 2272 2338 2326 ad

802 2348 967 2403 va‘?

371 2457 384 2479 ,
501 2418 586 2479 77,
618 2419 650 2466 3
723 2420 1023 2482 app.post:
1062 2414 1304 2470 Rabbow
1343 2413 1508 2468 adde:
1549 2435 1562 2480 ς
1599 2415 1665 2467 ub
1700 2412 1758 2467 in
1788 2412 1864 2466 Ἦ
1893 2415 2059 2480 (Aen.
2096 2414 2181 2468 VI
2202 2417 2335 2479 177)

801 2484 1010 2539 Schoell
1048 2484 1142 2552 (V.
1172 2485 1431 2554 append.)

504 2560 589 2621 81,
623 2561 686 2609 11
727 2572 853 2624 app.
894 2571 1055 2610 corn:
1096 2555 1226 2609 ὡσεὶ
1254 2554 1442 2618 ἁπλῶς
1477 2555 1741 2610 Rabbow:
1932 2544 2111 2621 eodd.;
2150 2553 2342 2616 ἁπλῶς

371 2740 384 2762 ,
501 2703 588 2762 85,
618 2702 650 2750 8
724 2627 1023 2751 ἀεὶῗοζιοοῖῑ.
1064 2658 1131 2666 -
1173 2626 1255 2692 Of.
1294 2627 1460 2682 etiam
1495 2627 1729 2695 append.

352 2812 384 2834 ,,
501 2773 589 2833 89,
619 2772 650 2819 6
724 2768 857 2838 leye:
899 2767 1161 2821 ‘seiliceiz’

370 2882 383 2905 ,
491 2837 587 2904 93,
619 2844 684 2892 12
723 2855 851 2907 app.
885 2845 1032 2907 poet:
1070 2839 1189 2892 sim.
1230 2838 1397 2893 adde:
1436 2839 1726 2906 (Rabbow)

502 2914 589 2976 93,
623 2914 687 2963 13
727 2926 854 2979 app.
894 2910 1028 2980 leye:
1066 2908 1222 2962 haud
1261 2909 1314 2963 V

351 3024 384 3046 ,,
502 2984 588 3046 98,
617 2986 651 3033 4
724 2997 850 3105 aplp.
892 2981 1056 3034 adde:
1094 2978 1439 3049 praestruxi&
1474 2979 1682 3034 Schoell

350 3095 383 3118 ,,
465 3055 588 3116 100,
617 3056 651 3103 4
723 3053 787 3106 de
809 3068 837 3105 e
874 3092 887 3116 ,

352 3166 383 3189 ,,
466 3127 591 3187 123,
621 3127 653 3174 3
726 3123 860 3192 leqe:
900 3124 1115 3191 petas?‚
1154 3120 1422 3190 quoniam

351 3238 383 3260 ,,
465 3196 589 3257 126,
622 3196 687 3245 16
725 3209 853 3261 app.
894 3193 1026 3263 leye:
1065 3223 1133 3231 —
1177 3197 1295 3257 127,
1326 3197 1358 3244 3

350 3308 381 3331 ,,
465 3267 589 3328 127,
621 3268 687 3316 13
709 3280 827 3332 sqq.
861 3279 991 3331 pro:
1031 3268 1063 3315 3
1094 3270 1126 3316 4
1156 3268 1187 3315 5
1219 3268 1249 3316 6
1290 3264 1423 3332 leye:
1464 3267 1495 3314 2
1525 3268 1557 3315 3
1587 3268 1620 3315 4
1650 3268 1682 3315 5

350 3380 382 3403 ,,
467 3338 590 3399 132,
620 3339 653 3387 4
726 3350 853 3402 app.
888 3349 1017 3403 pro:
1055 3332 1076 3386 i
1114 3335 1170 3388 A
1207 3335 1341 3403 leye:
1380 3333 1436 3386 A

349 3451 381 3475 ,,
465 3410 590 3471 135,
622 3410 654 3458 6
729 3404 862 3474 leye:
918 3409 944 3455 ’τ
982 3422 1077 3457 ma
1114 3424 1169 3457 ID
1210 3422 1426 3459 annno
1464 3408 1518 3469 †;
1572 3403 1636 3456 in
1687 3420 1813 3471 app.
1853 3403 2007 3457 add:
2064 3401 2222 3455 schol.
2262 3400 2342 3453 ad

804 3475 1000 3599 lfmma
1037 3493 1143 3528 cvm
1179 3493 1302 3529 ιιιο
1340 3493 1573 3529 Anvnmo
1605 3475 1860 3543 pertinet,
1905 3474 1973 3540 cf.
2012 3473 2159 3528 Serv.
2197 3472 2337 3526 Aen.
