2669 3938
347 253 477 318 396
974 252 1252 307 DONATI
1288 250 1761 309 COMMENTVM

347 407 543 480 aptior
604 405 840 481 pictura
907 405 1109 464 domui
1162 406 1488 464 meretricis
1544 404 1621 463 ad
1675 407 2009 464 amatorum
2060 403 2365 464 illecebras

347 513 527 569 quam
588 494 760 566 haec,
824 512 975 570 quae
1040 494 1373 570 exemplum
1435 494 1699 553 continet
1761 495 2007 553 amoris·
2038 495 2098 552 et
2153 494 2368 553 amoris

344 582 579 658 puellae
644 586 704 664 et
767 583 984 642 amoris
1048 582 1125 641 ad
1178 583 1384 642 Iouem
1445 583 1797 658 pertinentis
1861 585 1923 641 et
1981 583 2198 641 amoris
2252 602 2370 641 non

345 672 597 750 gratuiti
640 691 749 732 nec
795 690 984 749 paruo
1029 673 1342 749 propositi,
1386 671 1488 731 sed
1534 691 1678 730 auro
1723 671 1787 730 in
1824 671 2116 749 gremium
2150 672 2366 730 fluente

344 759 615 821 uenalis?
685 764 816 821 tum
854 761 1013 836 quod
1047 763 1112 819 in
1147 761 1439 838 gremium
1474 760 1719 820 Danaae
1755 760 1882 837 ipse
1920 762 1990 819 ut
2025 759 2367 836 splendidus
2423 785 2453 826 ε»

344 850 536 909 imber
576 850 873 925 illabitur,
930 869 1123 909 nonne
1177 849 1416 910 uidetur
1459 850 1737 908 meretrix
1781 850 1987 909 docere
2033 848 2369 908 adulescen-

345 940 503 998 tulos
549 940 718 998 illam
762 940 1024 1015 corporis
1070 942 1303 1014 partem
1350 942 1589 999 auctore
1634 937 1778 997 Ioue
1823 939 1992 998 uelut
2030 939 2370 998 inauratam

345 1026 568 1088 fuisse?
706 1031 744 1088 2
790 1047 1030 1087 mnium
1067 1045 1317 1088 Avmnm
1353 1047 1473 1088 non
1508 1046 1737 1086 rorem
1772 1028 1871 1086 uel
1903 1028 2231 1103 pluuiam
2268 1026 2371 1087 sed

348 1111 642 1177 ‘imbrem'
691 1117 1028 1177 addiderat:
1074 1135 1108 1176 o
1156 1117 1475 1177 auaritiam
1517 1117 1870 1175 meretricis!

181 1208 309 1265 586
481 1200 573 1266 38
635 1211 666 1266 1
718 1224 971 1266 monam·
1029 1223 1278 1273 Qvoovn
1331 1225 1399 1265 n>
1456 1223 1771 1264 spnc’rm
1827 1223 2009 1264 conm
2051 1206 2233 1265 moris
2281 1208 2374 1265 est
2399 1231 2456 1270 10

348 1295 422 1354 ad
467 1295 530 1353 id
576 1297 777 1356 oculos
822 1299 1080 1371 uertere,
1132 1294 1291 1371 quod
1334 1296 1604 1354 uidemus
1651 1314 1786 1354 eum
1832 1314 2007 1370 quem
2052 1295 2370 1371 aspicimus

347 1385 583 1444 intueri.

182 1475 308 1535 587
482 1467 575 1533 39
642 1476 674 1532 1
734 1491 846 1532 ιΑΜ
902 1492 1052 1534 onm
1105 1491 1246 1532 rann
1299 1492 1512 1534 LVDVM
1575 1472 1724 1532 bene
1785 1492 1905 1532 non
1971 1466 2207 1532 ‘scelus'
2272 1471 2375 1532 sed

349 1556 600 1621 ‘ludum'
649 1563 815 1622 dixit.
954 1565 989 1621 2
1038 1578 1338 1621 mmmm
1382 1562 1446 1621 id
1493 1564 1583 1621 est
1626 1563 1817 1639 magis
1862 1561 2186 1639 magisque.

182 1653 310 1712 586
484 1644 576 1711 38
641 1654 678 1711 2
727 1669 1004 1712 LVSERAT
1041 1669 1153 1709 IAM
1191 1669 1342 1710 omn
1376 1670 1518 1709 mm:
1553 1646 1849 1729 (mmm)
1884 1654 1955 1710 ut
1991 1643 2196 1732 (Very.
2224 1648 2372 1710 Am.
2402 1675 2458 1716 ιε

350 1741 498 1800 XII
531 1733 688 1826 680)
727 1736 923 1816 Ἷιιιιιο,
971 1760 1093 1816 οιο,
1131 1741 1256 1800 sine
1291 1760 1387 1799 me
1423 1741 1618 1799 furere
1656 1742 1793 1798 ante
1829 1733 2139 1799 furorem’:
2183 1738 2374 1817 figura

352 1826 685 1910 ἀρχαϊσμός.

182 1920 309 1997 588
482 1912 578 1980 40
638 1921 672 1979 1
723 1938 894 1981 Dnvm
948 1937 1020 1979 sn
1065 1937 1130 1978 m
1176 1936 1462 1978 noman
1510 1934 1925 1979 oonvnn'nssn
1971 1921 2376 1996 φιλοσοφικῶς

346 2010 657 2069 Terentius
695 2009 1146 2084 demonstrauit,
1192 2028 1374 2084 quam
1410 2008 1639 2067 cladem
1672 2007 1936 2067 moribus
1973 2008 2280 2067 hominum
2315 2010 2377 2067 et

345 2098 690 2158 ciuitatibus
740 2099 993 2158 afferant
1035 2097 1320 2176 figmenta
1363 2100 1705 2174 poetarum,
1760 2116 1895 2156 cum
1940 2097 2208 2173 exempla
2253 2115 2374 2156 sce·
2403 2122 2460 2162 20

344 2189 536 2247 lerum
580 2188 834 2248 afferant
877 2187 1225 2264 peccaturis.
1365 2189 1403 2246 2
1452 2204 1659 2254 novt:
1693 2204 1759 2245 m
1794 2198 2054 2245 Amnius
2092 2204 2373 2247 Tnoms

489 2344 517 2393 1
559 2339 769 2412 aptior]
809 2356 1042 2410 aporum
1085 2339 1250 2409 ΤΟΙ
1241 2339 1409 2411 lad]
1447 2339 1521 2393 ab
1562 2339 1608 2393 Ο
1653 2340 1662 2409 Ι
1705 2337 2017 2394 inlecebras
2062 2339 2115 2394 T
2162 2341 2182 2410 ΙΙ
2245 2345 2276 2392 2
2315 2340 2375 2393 et

346 2427 501 2465 amor
545 2410 770 2480 puellae
814 2409 996 2479 codd„
1042 2427 1179 2465 corr.
1223 2411 1303 2465 ed.
1337 2428 1424 2480 pr.
1553 2416 1586 2463 3
1634 2408 1834 2483 <non>
1884 2408 2088 2463 amoris
2132 2426 2246 2465 non
2292 2411 2343 2465 T

345 2487 378 2563 4
413 2499 592 2552 paruo
633 2482 750 2537 Ο7
798 2484 808 2551 Ι
864 2480 1175 2551 praepositi
1212 2482 1311 2536 sed
1349 2480 1468 2552 (-tis
1480 2412 1566 2536 net
1606 2481 1736 2552 ΤΟ)
1772 2480 1948 2548 codd„
1988 2497 2123 2537 corr.
2266 2482 2372 2607 λθ

344 2552 404 2606 in
449 2552 663 2623 gremio
702 2553 751 2608 Ο
802 2557 811 2623 Ι
868 2552 1066 2608 fluenti
1105 2553 1175 2621 Ο,
1223 2552 1447 2607 fruente
1490 2553 1541 2607 T
1596 2554 1617 2623 ΙΙ
1671 2557 1703 2605 5
1751 2552 2071 2606 Danaae—
2090 2552 2178 2623 ut]

344 2659 523 2786 {haris
554 2661 600 2715 Ο
663 2662 729 2715 e‘e
767 2662 824 2714 et
859 2660 974 2728 ΤΟ,
1012 2636 1196 2715 danne
1232 2661 1477 2729 iuppiter
1500 2665 1565 2713 ut
1601 2658 1686 2728 71
1720 2656 2070 2728 splendidius
2101 2659 2159 2727 Ο,
2194 2675 2261 2728 sp
2263 2659 2373 2714 len-

656 2734 676 2802 ΙΙ
732 2736 763 2785 6
800 2731 999 2801 ymber
1037 2731 1084 2786 Ο
1127 2735 1136 2802 Ι
1184 2730 1462 2785 inlabitur
1506 2730 1560 2784 V
1603 2732 1613 2798 Ι
1706 2729 1813 2802 ut>
1850 2729 2115 2784 meretrix
2158 2730 2272 2799 ΤΟ,
2310 2729 2375 2784 in

343 2801 636 2857 meretrice
682 2803 735 2857 V
778 2805 787 2872 Ι
839 2798 1038 2857 docere
1078 2804 1267 2859 Goetz.
1322 2802 1520 2856 ducete
1567 2801 1631 2870 V,
1707 2816 1876 2855 ucens
1922 2800 2082 2871 ΤΟΙΙ
2128 2806 2159 2855 8
2196 2774 2374 2855 fuisse

344 2891 444 2929 om.
482 2875 533 2929 Τ
574 2878 584 2946 Ι
634 2874 903 2928 Ymbrem
944 2873 1051 2929 ΤΟ
1094 2880 1103 2940 Ι
1151 2890 1329 2928 rorem
1364 2875 1455 2928 uel
1482 2873 1742 2943 pluuiwm
1778 2871 1943 2941 V(-=
1972 2872 2144 2941 dett),
2190 2888 2375 2927 rorem

343 2944 621 2999 iucturam
658 2943 819 3017 (uict-
853 2946 928 3015 T)
956 2945 1058 3000 ΤΟ
1099 2948 1119 3017 ΙΙ
1165 2951 1196 2999 9
1233 2945 1488 3015 ymbrem
1528 2944 1574 2998 Ο
1610 2947 1618 3010 1
1651 2873 1936 2998 addiderit
1969 2942 2020 2996 T
2055 2945 2075 3014 ΙΙ
2122 2946 2189 2996 10
2226 2961 2283 2995 ιι)
2304 2974 2374 2984 -

343 3017 523 3087 coam]
563 3018 855 3099 expectare
894 3015 1018 3086 cepi
1050 3017 1165 3085 ΤΟ,
1202 3034 1260 3072 s·
1284 3033 1350 3070 c
1389 3016 1444 3071 V
1486 3020 1494 3084 Ι
1545 3017 1632 3069 est
1667 3031 1767 3070 om.
1810 3015 1863 3069 V
1897 3016 1917 3084 ΙΙ
1965 3020 2028 3068 11
2069 3031 2196 3067 cum
2240 3014 2376 3085 ΤΟΙΙ

346 3094 410 3141 13
448 3087 569 3141 Iam
605 3105 671 3142 o·
694 3086 747 3141 i·
769 3087 821 3141 1-
872 3087 959 3159 Vl
991 3088 1089 3143 sed
1130 3087 1328 3142 ludum
1365 3104 1466 3143 om.
1506 3086 1608 3141 ΤΟ
1627 3088 1647 3157 l!
1676 3092 1743 3139 14
1778 3084 2025 3154 impedio
2062 3085 2121 3154 T,
2159 3101 2258 3141 om.
2292 3086 2347 3141 V

342 3158 494 3211 idem
530 3158 584 3212 V
618 3162 627 3230 Ι
667 3157 816 3228 ignis
854 3157 1145 3230 magisque
1177 3159 1224 3213 Ο
1273 3162 1281 3229 Ι
1328 3164 1396 3213 15
1433 3157 1533 3212 lux
1569 3159 1692 3212 erat
1736 3155 1839 3211 ΤΟ
1885 3160 1904 3224 ΙΙ
1961 3162 2026 3210 16
2062 3156 2212 3210 hunc
2249 3172 2346 3211 oro

341 3245 490 3282 nunc
527 3245 658 3284 curo
698 3230 764 3299 Ο,
808 3230 957 3283 hunc
994 3247 1105 3285 uno
1149 3232 1218 3301 T,
1294 3247 1405 3284 unc
1444 3231 1528 3299 71
1560 3227 1825 3299 furorem]
1862 3226 1953 3280 fur
1987 3227 2088 3282 ΤΟ
2119 3230 2138 3298 ΙΙ
2181 3232 2246 3280 17
2286 3243 2374 3281 ar·

344 3298 621 3353 chaismos
671 3301 752 3355 ed.
776 3318 891 3370 pou:
938 3318 1186 3357 *****
1229 3302 1353 3371 ΤΟ,
1392 3318 1491 3356 om.
1532 3300 1585 3354 V
1631 3302 1651 3370 ΙΙ
1707 3303 1772 3354 18
1810 3317 1865 3352 m
1901 3314 2003 3353 om.
2040 3299 2143 3353 ΤΟ
2185 3302 2195 3369 Ι
2245 3317 2374 3352 con-

341 3386 595 3422 vnn‘nssn
669 3388 730 3425 c·
783 3372 836 3426 V
877 3374 885 3441 Ι
936 3375 1313 3442 φιλοσοφικῶς
1354 3373 1467 3428 W.
1514 3370 1793 3441 φιλοσοφὴ
1831 3386 1978 3423 nunc
2025 3369 2089 3439 V,
2126 3386 2375 3426 *ηιιιωκ*

334 3453 492 3490 -nunc
534 3440 586 3492 T
646 3440 1091 3511 ,philosophice
1135 3460 1284 3497 nunc
1328 3443 1410 3498 ed.
1446 3459 1534 3512 pr.
1589 3444 1609 3513 ΙΙ
1665 3446 1731 3495 19
1772 3440 2001 3496 laudem
2036 3442 2121 3510 (in
2155 3458 2258 3512 my.
2297 3440 2374 3495 al'

344 3483 671 3671 (ιτΙγειΐίἓῖιιιἔπιθ’1
698 3547 744 3665 ὲ
774 3551 838 3598 21
890 3547 1150 3602 adferant
1193 3551 1275 3619 ΤΙ
1306 3548 1619 3618 peccatoris
1659 3548 1782 3617 ΤΟ,
1830 3524 1991 3615 -toris
2027 3550 2184 3617 (corr
2213 3565 2283 3604 m.
2312 3550 2373 3618 2)
