2669 3938
1102 227 1530 283 PRAEFATIO.
2213 227 2315 280 XV

291 389 516 440 passum
554 370 794 425 concilio
834 368 1145 424 Basileensi
1191 368 1513 424 interfuisse
1552 369 1642 438 (cf.
1678 369 1861 439 Voigt,
1891 368 2229 424 Wiederbel.
2261 369 2314 423 d.

292 442 451 496 class.
482 441 716 496 Altert.³
743 442 769 495 I
799 447 901 495 257
933 441 1061 511 adn.
1096 441 1164 508 1),
1203 443 1318 494 iam
1356 440 1623 494 audacior
1651 457 1761 495 non
1792 441 2078 495 videbitur
2103 440 2317 495 Sabba-

295 513 433 566 dinii
490 512 815 567 coniectura
870 515 927 581 (a
978 528 1091 580 qua
1135 527 1317 579 neque
1363 511 1490 565 Keil
1535 529 1715 579 neque
1762 512 2031 566 Dziatzko
2077 511 2318 565 multum

294 584 546 666 aberant)
610 583 926 653 Pizolpassi
997 582 1249 637 codicem
1312 583 1552 637 eundem
1616 600 1735 637 esse
1801 586 1970 652 atque
2034 584 2318 637 Donatum

293 655 463 724 Magn
465 655 707 709 ntinum.
763 655 854 707 Ad
882 654 1031 707 hunc
1060 670 1191 723 ergo
1217 654 1561 708 revocandus
1590 657 1677 708 est
1705 654 1811 709 etsi
1840 654 2318 709 intercedentibus

296 725 513 794 aliquot
549 724 894 796 apographis
932 726 1107 779 codex
1144 724 1502 783 Bodleianus.
1542 757 1608 765 —

433 797 700 851 Excussit
736 799 917 850 totum
956 813 1005 850 a.
1040 801 1175 850 1879
1212 795 1485 849 Dziatzko
1514 796 1915 864 Vratislaviae‚
1954 798 2076 866 ipse
2111 796 2317 850 iterum

295 868 505 922 contuli
551 869 719 922 Ienae
766 885 816 922 a.
849 873 1146 922 1895-96,
1201 899 1259 906 -
1312 867 1391 921 Cf.
1431 867 1498 920 H.
1540 867 1602 921 Ο.
1643 867 1814 935 Coxe‚
1863 867 2121 936 Cat-alogi
2157 867 2318 921 codd.

294 957 440 994 man.
500 937 639 993 bibl.
695 937 854 994 Bodl.
906 939 982 992 III
1013 945 1137 1006 1493
1194 938 1380 991 ‘Studi
1438 937 1681 993 ita1.’11
1711 945 1898 1006 66sq.;
1953 939 2093 992 Mus.
2141 938 2317 992 Rhen.

300 1010 394 1063 LII
424 1016 491 1063 74
509 1027 627 1078 sqq.

439 1084 491 1147 7)
543 1081 765 1135 Codex
808 1080 1250 1135 Florentinus
1296 1080 1732 1135 Marucellianus
1770 1081 1810 1135 C
1849 1087 1951 1134 224
1999 1099 2039 1134 s.
2088 1080 2189 1134 XV
2236 1097 2319 1134 ex.
2351 1089 2411 1139 F

300 1152 627 1206 chartaceus
677 1157 779 1206 205
826 1151 1102 1207 foliorum.
1191 1152 1308 1207 Fol.
1341 1157 1396 1203 2π
1445 1152 1647 1221 incipit
1694 1153 1902 1207 Donati
1948 1153 2322 1206 commentum

299 1240 401 1278 nec
457 1223 642 1277 titulis
689 1238 794 1277 nec
840 1222 1343 1292 subscriptionibus
1391 1224 1740 1277 instructum.
1834 1223 2191 1292 Conscriptus
2238 1224 2324 1276 est

303 1295 476 1349 codex
514 1294 587 1347 ab
623 1311 738 1348 una
774 1310 944 1347 manu
981 1297 1149 1361 totus,
1189 1294 1287 1347 sed
1323 1294 1457 1348 inde
1496 1310 1529 1348 a
1566 1295 1661 1348 fol.
1688 1301 1811 1348 146¹·
1848 1294 2123 1364 scriptura
2151 1294 2326 1348 artior

300 1367 387 1432 fit,
451 1367 601 1420 unde
663 1365 972 1419 Sabbadini
1026 1365 1174 1419 hanc
1232 1365 1469 1419 alteram
1522 1370 1742 1435 partem
1798 1367 1869 1420 ab
1925 1365 2037 1419 alio
2090 1365 2322 1419 librario

300 1437 565 1506 scriptam
613 1453 733 1490 esse
780 1436 887 1489 sibi
928 1436 1225 1505 persuasit.
1298 1436 1597 1492 Praeterea
1633 1453 1829 1492 manus
1867 1454 2060 1492 recens
2098 1440 2326 1491 actuum

300 1511 357 1562 et
393 1524 723 1561 scaenarum
759 1523 1017 1560 numeros
1057 1507 1281 1562 adiecit.
1358 1507 1630 1562 Cohaeret
1667 1511 1855 1562 autem
1891 1508 2325 1562 Marucellianus

300 1579 579 1634 artissime
645 1596 772 1632 cum
833 1578 1141 1633 Bodleiano
1201 1581 1265 1646 C,
1332 1596 1464 1633 nam
1530 1579 1675 1633 sicut
1736 1580 1828 1633 hic
1893 1579 2120 1634 exhibet
2172 1579 2325 1633 Petri

301 1649 540 1704 Candidi
595 1650 922 1719 epistulam,
978 1651 1215 1704 eandem
1269 1651 1444 1704 habet
1496 1651 1556 1703 in
1611 1649 1960 1705 Phormionis
2014 1652 2325 1704 commento

286 1721 564 1778 ,lacunam
594 1721 665 1790 (II
689 1724 970 1790 1‚4-—-19),
1000 1721 1237 1775 eandem
1268 1721 1604 1775 scholiorum
1632 1721 1705 1774 ad
1724 1723 1776 1774 H
1796 1729 1826 1775 3
1857 1722 2323 1775 distributionem.

302 1791 507 1846 Differt
564 1794 753 1845 autem
781 1809 872 1858 eo,
929 1793 1078 1860 quod
1133 1792 1310 1845 multo
1366 1792 1683 1846 mendosior
1730 1796 1815 1846 est
1858 1793 1958 1846 illo
2006 1795 2064 1847 et
2110 1793 2326 1846 duobus

299 1862 438 1918 lo'cis
485 1863 761 1917 iacturam
807 1863 967 1929 fecit,
1019 1864 1103 1917 ita
1139 1866 1204 1916 ut
1250 1863 1309 1916 in
1347 1863 1599 1932 Hecyrae
1646 1867 1956 1918 commento
2004 1863 2215 1918 scholia
2254 1864 2328 1917 ad

299 1935 378 1989 IV
409 1942 456 2003 1,
477 1934 697 1998 26-1V
725 1942 774 2002 3,
798 1941 861 1988 11
922 1939 952 2002 (
959 1936 1249 1989 ‘mensibus
1295 1936 1460 2005 prius
1496 1936 1807 2001 olfecissem'
1859 1969 1925 1976 —
1975 1937 2094 2005 ‘pro
2144 1936 2331 1990 minus

300 2008 694 2075 discordibus')
752 2009 809 2060 et
865 2007 937 2060 ad
991 2006 1041 2059 V
1074 2006 1334 2073 1‚19—V
1364 2013 1413 2073 4,
1440 2014 1466 2060 1
1533 2008 1697 2074 βείω
1754 2009 1889 2062 uelit
1934 2009 2208 2076 praeberi'
2262 2039 2327 2047 —

304 2079 547 2133 ‘tardius
592 2079 874 2133 credamus
909 2079 1200 2146 effeetum’)
1245 2078 1646 2146 desiderentur.
1723 2078 1878 2143 Quae
1916 2096 2040 2133 cum
2077 2080 2159 2132 ita
2199 2078 2328 2144 sint,

303 2150 444 2203 satis
480 2148 664 2203 habeo
703 2149 915 2202 variam
950 2148 1248 2203 lectionem
1288 2149 1363 2203 ad
1390 2149 1616 2203 Terenti
1643 2150 1818 2203 vitam
1845 2152 2230 2218 tractatusque
2259 2149 2329 2202 de

302 2221 595 2274 comoedia
641 2220 924 2287 attulisse,
979 2237 1152 2288 quam
1193 2220 1596 2275 humanissime
1642 2238 1857 2274 mecum
1905 2220 2331 2275 communicavit

301 2291 364 2346 E.
414 2291 731 2361 RostagnO,
779 2292 877 2358 qui
923 2294 980 2345 et
1027 2292 1095 2344 dc
1144 2291 1353 2345 codicis
1400 2294 1605 2345 natura
1653 2295 1822 2359 atque
1868 2292 2194 2348 condicione
2231 2308 2333 2361 per

303 2363 526 2416 litteras
581 2378 670 2415 me
719 2362 956 2415 edocuit.
1048 2362 1348 2416 Praeterea
1396 2362 1706 2417 Sabbadini
1750 2363 2152 2417 Marucelliano
2197 2380 2331 2416 usus

311 2437 416 2499 est,
455 2434 525 2488 cf.
568 2432 756 2486 ‘Studi
793 2432 934 2487 ital?
971 2434 1049 2486 III
1079 2440 1331 2502 251sqq.,
1371 2440 1470 2488 331
1486 2452 1585 2501 sq.,
1621 2434 1673 2487 V
1702 2440 1805 2488 290
1822 2452 1939 2502 sqq.

451 2504 562 2557 Hic
615 2522 728 2558 non
783 2504 1029 2558 alienum
1081 2504 1303 2558 videtur
1358 2506 1698 2559 mentionem
1750 2506 1933 2559 facere
1991 2506 2258 2558 librorum
2319 2507 2536 2575 „fodea-

305 2575 841 2644 manuscriptorum,
900 2593 1037 2643 quos
1095 2575 1438 2646 Stephanus,
1492 2576 1875 2645 Lindenbrog,
1930 2577 2259 2630 Westerhov
2294 2560 2581 2611 *mmmm

309 2647 704 2701 adhibuerunt.
790 2647 871 2700 Ac
925 2647 1166 2716 primum
1221 2648 1450 2715 quidem
1505 2647 1820 2717 Stephanus
1876 2647 1936 2700 in
1982 2648 2331 2716 praefatione

310 2736 437 2773 cum
510 2717 627 2771 alia
697 2720 819 2771 tum
889 2717 1030 2772 haec
1102 2718 1265 2772 dicit:
1345 2720 1612 2788 ‘reposita
1686 2721 1817 2772 sunt
1880 2718 2092 2773 Graeca
2160 2736 2333 2788 prope

309 2789 525 2857 omnia,
606 2805 704 2858 pro
779 2789 983 2857 quibus
1061 2789 1299 2843 antehac
1373 2790 1562 2843 excusi
1636 2789 1854 2843 codices
1926 2790 2144 2844 lacunis
2217 2790 2333 2843 fere

310 2860 622 2914 scatebant.
686 2860 828 2914 haec
867 2862 1055 2914 autem
1090 2860 1300 2914 laboris
1337 2876 1466 2929 pars
1506 2861 1896 2930 operosissima
1933 2861 2059 2929 fuit,
2113 2879 2239 2915 cum
2274 2861 2334 2915 in

309 2934 584 2985 vetusto
641 2931 1014 2999 exemplari
1068 2949 1266 2986 manu
1321 2932 1579 3001 scripto
1648 2933 1819 3001 (quod
1873 2932 2034 2985 nobis
2092 2935 2211 2985 erat
2267 2950 2334 2987 ex

312 3003 459 3056 dono
504 3001 695 3055 Iodoci
738 3002 906 3059 Badii
956 3004 1155 3072 optimi
1201 3003 1378 3057 soceri
1422 3004 1795 3072 nostri...)
1844 3004 2079 3057 obscura
2114 3007 2335 3058 tantum

305 3075 590 3127 ⁴restarent
634 3074 873 3144 vestigia
910 3073 1246 3128 Graecarum
1290 3074 1607 3141 literarum,
1654 3046 1798 3142 quae
1845 3075 1956 3127 nisi
2003 3075 2074 3128 ab
2110 3075 2335 3129 homine

314 3145 496 3214 perito
536 3144 775 3198 divinari
812 3162 924 3198 non
960 3148 1235 3214 poterant
1293 3162 1438 3213 quae
1468 3118 1689 3200 omn'ia.
1751 3147 2078 3215 ,praestitit
2104 3147 2336 3214 quidam

314 3217 505 3269 noster
553 3258 562 3267 .
607 3258 617 3268 .
666 3215 877 3269 amicus
925 3216 1135 3271 Graece
1190 3232 1256 3269 ac
1308 3216 1509 3270 Latine
1565 3188 1919 3271 doctissimus
1974 3217 2338 3299 [Guilelmum

316 3271 610 3340 Budaeum
645 3287 948 3357 significari
985 3287 1300 3356 suspicatus
1339 3290 1426 3341 est
1451 3287 1741 3359 Bernays],
1780 3288 1877 3355 qui
1914 3288 2059 3342 hanc
2093 3287 2338 3357 suscepit

317 3358 764 3418 emendationem
829 3358 1112 3426 antiquo
1176 3357 1276 3412 illo
1344 3375 1510 3426 quem
1574 3359 1692 3411 dixi
1754 3359 2106 3428 potissimum
2160 3359 2355 3412 fretus⁴

321 3429 703 3499 archetypo.
788 3430 946 3484 cuius
995 3430 1165 3484 fidem
1211 3429 1317 3483 etsi
1364 3430 1423 3482 in
1470 3429 1751 3498 plerisque
1799 3432 2065 3497 sequutus
2113 3432 2222 3495 est,
2278 3429 2339 3481 in

317 3499 572 3569 plurimis
616 3504 808 3561 tamen
851 3519 985 3555 usus
1033 3502 1119 3554 est
1164 3501 1483 3560 coniectura
1520 3502 1660 3553 sua’.
1736 3500 1819 3553 Ex
1854 3500 1943 3552 his
1981 3499 2162 3552 verbis
2201 3498 2338 3551 satis

322 3574 555 3641 apparet
600 3571 871 3642 Stephani
933 3572 1140 3625 librum
1186 3587 1247 3628 re
1292 3588 1423 3625 vera
1467 3570 1826 3626 vetustiorem
1871 3569 2068 3633 fuisse,
2097 3568 2337 3633 quippe
