2669 3938
1050 205 1476 261 PRAEFATIO.
2092 207 2269 260 XXIII

236 349 470 405 eandem
529 347 768 404 exhibet
818 346 1305 417 interpolationem
1350 365 1520 416 quam
1566 348 1624 401 in
1675 348 1720 402 O
1765 351 1823 402 et
1859 367 1900 402 a.
1940 348 2267 402 invenimus.

237 451 304 460 -
351 419 433 474 Cf.
485 419 708 475 ‘Museo
760 418 1017 475 italiano’
1066 420 1301 487 111423;
1362 418 1549 473 ‘Studi
1604 419 1848 475 italiani'
1898 421 2071 486 11573
2126 420 2268 474 Mus.

242 491 417 546 Rhen.
445 491 660 545 LII-91.
932 543 937 546 ,

382 568 449 616 29
526 561 753 616 Codex
800 560 1174 615 Vaticanus
1224 562 1490 617 Ottobon.
1529 567 1668 616 2070
1715 579 1758 616 s.
1788 562 1904 615 XV.
1978 563 2043 615 In
2087 562 2341 632 priman

238 634 404 687 huius
452 566 588 686 iibri
636 632 835 686 charta
880 632 1087 700 legitur
1136 633 1240 685 ‘Ex
1287 632 1574 688 codicibus
1615 633 1833 687 Ioannis
1871 633 2076 703 Angeli
2112 633 2286 692 ducis.

239 705 312 758 ab
367 704 685 774 Altaemps’
739 708 796 770 (†
826 707 999 773 1681).
1086 704 1221 758 Post
1274 705 1406 761 Hec.
1445 705 1523 763 ΠΙ
1553 710 1602 771 5,
1631 710 1663 758 8
1720 704 1972 773 sequitur
2026 705 2271 775 spatium

241 775 365 831 folii
410 774 582 829 unius
620 778 680 828 et
717 774 964 841 dimidii,
1011 778 1132 829 tum
1169 776 1243 829 ad
1278 776 1329 828 V
1361 783 1407 844 1,
1433 782 1459 828 1
1502 775 1698 834 eadem
1735 792 1879 842 quae
1915 775 1976 829 in
2010 795 2064 830 m
2099 776 2271 830 inter·

238 846 483 916 polatim
541 846 744 901 ultimo
799 845 964 900 huius
1020 846 1341 901 comoediae
1398 846 1609 900 scholio
1667 846 1865 900 addita
1921 851 2050 903 sunt
2104 848 2268 901 haec:

244 921 455 973 ‘textus
503 920 694 971 tamen
742 916 875 970 talis
920 917 1161 975 habetur
1190 949 1200 959 ·
1232 934 1444 987 sequor
1471 917 1732 986 equidem
1768 917 1895 986 plus
1931 918 2099 977 hodie
2136 918 2271 972 boni

241 989 352 1049 feci
407 989 708 1058 impudens
762 1006 933 1057 quam
987 989 1165 1043 sciens
1224 994 1356 1043 ante
1411 989 1559 1042 hunc
1608 988 1757 1042 diem
1802 1005 2083 1056 umquam.
2131 990 2270 1043 =Vos

241 1061 427 1117 valete
475 1062 537 1115 et
579 1059 848 1130 plaudite.
924 1059 1228 1130 Calliopius
1266 1059 1561 1121 recensui’.
1636 1060 1700 1113 In
1737 1059 2088 1117 Phormionis
2125 1077 2271 1114 com-

242 1136 436 1188 mento
474 1131 568 1185 hic
596 1148 723 1189 cum
750 1131 942 1185 codice
969 1150 1023 1186 m
1048 1148 1272 1201 prorsus
1302 1131 1607 1197 consentit;
1645 1131 1798 1186 idem
1824 1130 1975 1185 valet
2002 1131 2071 1185 de
2101 1130 2271 1186 inter-

241 1203 554 1272 polatione,
583 1218 726 1271 quae
755 1206 884 1272 post
909 1203 1157 1257 Andriae
1184 1202 1481 1273 prologum
1508 1202 1720 1256 inserta
1748 1205 1848 1257 est.
1872 1234 1939 1243 -
1969 1202 2050 1257 Cf.
2083 1202 2271 1257 ‘Studi

244 1274 494 1332 italiani’
534 1275 587 1328 11
616 1280 698 1328 58.
1105 1335 1135 1339 -
1170 1335 1424 1340 ψ-ῌῄ

386 1417 621 1471 Praeter
658 1433 750 1470 eos
789 1433 927 1484 quos
965 1433 1134 1486 supra
1171 1416 1490 1470 enumeravi
1519 1419 1689 1485 atque
1719 1415 1989 1485 descripsi
2015 1415 2272 1470 nonnulli

248 1487 722 1542 commemorandi
752 1489 884 1540 sunt
911 1487 1146 1555 codices,
1185 1488 1282 1555 qui
1308 1486 1518 1540 nullius
1550 1488 1773 1542 omnino
1802 1486 1971 1556 pretii
2001 1487 2074 1540 ad
2103 1487 2273 1541 crisin

244 1559 622 1613 factitandam
668 1562 768 1612 aut
814 1561 944 1612 sunt
980 1561 1080 1612 aut
1116 1575 1234 1615 esse
1271 1558 1557 1624 videntur3
1601 1575 1670 1612 ex
1704 1562 1865 1627 parte
1902 1558 2051 1611 enim
2087 1558 2271 1611 minus

246 1630 388 1686 mihi
426 1630 809 1698 innotuerunt,
846 1646 1015 1698 quam
1050 1632 1115 1683 ut
1151 1633 1362 1684 certam
1400 1630 1469 1683 de
1503 1630 1583 1683 eis
1610 1629 1890 1698 proferam
1916 1629 2270 1684 sententiam.

390 1704 481 1770 30)
536 1700 758 1755 Codex
812 1700 1190 1758 Vaticanus
1245 1701 1442 1770 Regin.
1490 1700 1589 1755 lat.
1624 1706 1759 1754 1673
1816 1718 1856 1753 s.
1897 1700 1998 1753 XV
2053 1701 2273 1754 charta-
2296 1704 2353 1758 G

246 1789 375 1826 ceus
405 1778 512 1826 215
550 1770 827 1826 foliorum.
902 1771 1152 1829 Titulum
1192 1771 1424 1826 ‘Donati
1459 1771 1814 1842 grammatici
1850 1771 1909 1824 in
1948 1787 2043 1825 sex
2079 1771 2138 1824 P.
2169 1771 2273 1823 Te-

243 1843 415 1901 rentii
462 1841 597 1899 Afri.
642 1841 957 1897 comoedias
1004 1842 1325 1897 examinata
1370 1841 1781 1913 interpretatio’
1833 1859 1900 1896 ex
1947 1841 2273 1911 Calphurnii

246 1914 500 1969 editione
565 1912 850 1967 sublatum
914 1931 1109 1972 manus
1169 1913 1446 1969 recentior
1497 1912 1837 1984 praeposuit.
1937 1913 2044 1969 Hic
2100 1913 2274 1972 codex

246 1991 477 2056 propter
544 1986 681 2039 duas
737 2002 825 2039 res
880 1985 1257 2040 memorabilis
1314 1989 1420 2041 est:
1487 1986 1730 2055 primum
1783 1986 1933 2054 quod
1988 1985 2047 2039 in
2103 1986 2273 2039 Phor-

245 2057 451 2113 mionis
510 2059 822 2112 commento
880 2057 954 2111 ad
1002 2058 1054 2114 H
1082 2063 1121 2112 3,
1172 2057 1386 2111 scholia
1440 2057 1701 2111 similiter
1757 2060 1927 2125 atque
1984 2057 2043 2111 in
2099 2058 2159 2111 D
2214 2056 2273 2110 in

246 2128 503 2187 ordinem
546 2128 780 2185 redacta
826 2132 979 2196 sunt,
1026 2145 1140 2196 qua
1183 2128 1243 2182 in
1288 2146 1349 2181 re
1397 2132 1607 2182 certum
1653 2127 1954 2198 vestigium
1999 2127 2274 2197 pristinae

246 2200 459 2254 formae
497 2198 756 2253 relictum
794 2202 904 2268 est3
945 2199 1146 2253 deinde
1184 2200 1334 2267 quod
1374 2200 1528 2254 duae,
1555 2216 1754 2258 manus
1794 2216 1827 2253 a
1854 2199 2074 2253 librarii
2102 2216 2272 2253 manu
2295 2200 2382 2256 Ga

247 2272 506 2325 diversae
541 2269 703 2326 haud
733 2287 943 2341 paucas,
978 2286 1138 2325 voces
1176 2270 1444 2338 Graecas,
1483 2287 1624 2340 quas
1660 2287 1807 2324 man.
1850 2278 1876 2324 1
1918 2270 2084 2325 solito
2122 2287 2274 2325 more

247 2342 304 2395 in
349 2341 559 2396 lacuna
605 2340 896 2408 omiserat,
942 2341 1340 2411 suppleverunt
1376 2344 1546 2410 atque
1584 2359 1678 2396 eas
1717 2359 1785 2396 ex
1823 2343 2069 2411 optimae
2106 2344 2274 2396 notae

249 2413 441 2468 codice
488 2415 554 2466 ut
595 2412 818 2466 videtur
855 2413 1175 2482 desumptas
1214 2413 1308 2482 (ad
1346 2416 1646 2482 tractatuS‚
1690 2413 1888 2482 Andr.,
1935 2412 2102 2480 Eun„
2150 2413 2273 2481 Ad„

247 2485 420 2552 Hac).
495 2484 613 2536 Has
647 2483 857 2565 partim
893 2485 980 2539 Fr.
1016 2483 1176 2553 Spiro
1211 2483 1422 2554 partim
1450 2483 1513 2540 G.
1541 2484 1811 2538 Wissowa
1847 2484 2272 2554 exscripserunt.

253 2588 317 2596 ·-
349 2555 429 2610 Cf.
475 2555 663 2608 ‘Studi
701 2555 946 2608 italiani’
986 2556 1038 2609 H
1066 2562 1159 2623 56;
1197 2562 1281 2611 62.

393 2633 482 2696 31)
537 2626 759 2681 Codex
797 2625 1172 2680 Vaticanus
1208 2626 1404 2681 Urbin.
1442 2626 1539 2681 lat.
1573 2632 1676 2680 354
1714 2643 1754 2679 s.
1786 2626 1887 2679 XV
1925 2624 2274 2679 membrana-

249 2714 378 2751 ceus
406 2697 672 2753 foliorum
693 2704 814 2752 211.
861 2697 996 2752 Post
1021 2698 1267 2752 Andriae
1293 2697 1701 2767 praefationem
1728 2696 1936 2766 legitur
1964 2696 2056 2750 hic
2075 2694 2273 2748 titulus

249 2769 365 2838 (fol.
398 2772 503 2831 6¹7:
544 2768 716 2822 ‘Aelii
743 2768 953 2823 Donati
979 2768 1345 2823 Grammatici
1372 2768 1680 2823 Clarissimi
1716 2768 1776 2821 in
1813 2784 1910 2821 sex
1936 2767 1995 2821 P.
2027 2766 2275 2820 Terentii

248 2841 371 2894 Afri
400 2840 739 2896 Comoedias,
771 2839 1091 2894 examinata
1126 2839 1567 2910 interpretatio’3
1605 2839 1700 2893 fol.
1733 2844 1830 2893 88¹¹
1862 2842 1990 2907 post
2017 2838 2274 2891 Eunuchi

250 2914 631 2966 commentum
667 2910 878 2966 inserta
914 2914 1003 2965 est
1031 2911 1478 2980 ‘10.Calphurnii
1506 2910 1811 2965 Brixiensis
1848 2909 2274 2964 Heautontimo-

248 3000 519 3037 rumenon
549 2983 870 3037 examinata
896 2982 1337 3052 interpretatio’;
1378 2983 1513 3036 ordo
1541 2982 1861 3036 fabularum
1888 2980 1967 3034 sic
1995 2980 2273 3049 procedit:

249 3053 464 3108 Andria
492 3054 795 3108 Eunuchus
824 3054 1125 3109 Heautont.
1155 3053 1448 3124 Adelphoe
1473 3053 1733 3108 Phormio
1761 3052 2006 3120 Hecyra3
2034 3051 2274 3120 denique

249 3130 376 3194 post
402 3124 760 3180 Phormionis
789 3129 1164 3180 commentum
1191 3125 1400 3195 legitur
1427 3124 1542 3194 (fol.
1574 3127 1918 3193 210r—211r)
1948 3122 2276 3192 Calphurnii

253 3196 497 3266 epistula
537 3196 798 3251 ‘Constat
833 3196 1093 3265 antiquos
1132 3196 1430 3265 scriptores
1451 3227 1516 3236 —
1544 3195 1680 3249 Vale
1718 3195 1885 3248 decus
1913 3193 2271 3253 Litterarum’

255 3271 319 3337 (v.
352 3267 620 3336 Loeffler‚
659 3268 743 3322 De
781 3267 1120 3337 Calphurnio
1149 3268 1270 3322 Ter.
1309 3268 1538 3336 interpr.
1569 3270 1675 3335 40).
1732 3267 1885 3320 Haec
1922 3265 2110 3319 omnia
2138 3265 2275 3318 satis

251 3339 540 3394 declarant
588 3339 927 3393 Vaticanum
982 3338 1217 3392 editioni
1264 3337 1714 3406 Calphurnianae
1759 3335 2274 3391 coniunctissimum

253 3427 392 3479 esse,
440 3411 502 3464 id
551 3412 703 3479 quod
749 3427 854 3464 nec
889 3409 1261 3465 Ritschelium
1307 3409 1457 3477 fugit
1494 3413 1560 3470 (v.
1602 3408 1825 3463 Sueton.
1863 3406 2026 3461 Reiff.
2056 3411 2180 3475 483)
2219 3410 2278 3460 et

254 3482 559 3537 Sabbadini
589 3483 669 3536 sic
697 3481 987 3551 explicuit,
1016 3484 1080 3534 ut
1106 3480 1445 3535 Vaticanum
1474 3495 1542 3534 ex
1571 3477 1898 3548 Calphurnii
1928 3477 2276 3546 autographo

255 3552 590 3624 descriptum
627 3569 751 3609 esse
789 3552 1024 3620 diceret3
1069 3552 1168 3605 sed
1204 3550 1413 3605 rectius
1452 3567 1576 3604 cum
1609 3550 1885 3603 Wissowa
1922 3548 2173 3601 codicem
2210 3562 2278 3599 ex
