2669 3938
346 200 528 255 xxtv
1133 196 1561 252 PRAEFATIO.

347 343 477 412 ipsa
518 340 765 397 editione
803 340 1116 395 derivatum
1153 357 1273 396 esse
1310 356 1616 406 sumemus,
1660 356 1793 394 nam
1829 341 1888 393 et
1923 337 2260 408 subscriptio
2298 339 2374 393 ad

349 412 674 468 Terentium
701 415 770 467 et
795 412 1080 466 Donatum
1109 414 1327 482 spectat
1356 414 1413 466 et
1441 409 1780 465 didascalias
1798 410 2183 480 Adelphorum
2199 409 2373 464 Phor-

348 483 692 553 mionisque,
738 500 878 552 quas
921 483 1174 551 exhibet,
1219 482 1280 536 in
1317 481 1647 552 Calphurnii
1682 482 2032 564 autographo
2071 481 2374 536 commenti

348 555 591 610 Donatei
619 554 899 612 exstitisse
925 555 1019 608 vix
1047 557 1133 609 est
1160 553 1445 609 credibile.
1493 551 1801 607 Ritschelio
1829 570 2046 608 variam
2070 552 2374 608 lectionem

350 627 424 682 ad
459 625 688 681 Terenti
723 625 899 680 vitam
934 624 1230 695 exscripsit
1262 624 1534 679 Ribbeck.

494 701 581 769 32)
620 697 842 753 Codex
877 695 1312 752 Matritensis
1349 696 1485 766 Reg.
1517 703 1549 750 2
1586 696 1632 749 Β
1661 701 1696 749 4
1724 695 2075 768 s.·XVsXVI.
2148 694 2376 749 Titulus

348 770 501 824 idem
539 771 627 824 est
662 768 761 836 qui
787 767 1078 823 Urbinatis
1107 767 1334 836 codicis,
1371 770 1438 821 ut
1464 766 1633 822 facile
1659 771 1924 821 nascatur
1951 765 2196 837 suspicio
2221 766 2372 820 hunc

348 857 570 909 quoque
609 856 677 895 ex
709 837 1039 911 Calphurnii
1077 838 1324 893 editione
1360 838 1761 909 transcriptum
1797 854 1934 894 esse.
1965 870 2030 880 --
2060 839 2126 893 V.
2155 837 2374 906 Loewe‚

348 911 495 967 Bibl.
534 913 676 982 patr.
715 911 816 965 lat.
854 909 1088 980 Hispan.
1121 914 1250 977 4653
1288 910 1432 965 Mus.
1468 910 1645 965 Rhen.
1683 909 1781 962 LII
1807 915 1892 965 98.

493 985 582 1051 33)
629 982 852 1036 Codex
895 981 1405 1036 Escurialensis
1441 982 1489 1035 E
1516 981 1594 1034 III
1622 987 1653 1035 3
1683 998 1724 1034 s.
1754 980 1871 1036 XV.
1965 979 2043 1036 Cf.
2082 979 2373 1047 Dziatzko,

347 1055 491 1109 Arm.
515 1052 710 1123 philol.
742 1053 920 1124 suppl.
950 1053 1002 1106 X
1031 1059 1133 1107 695
1169 1053 1296 1107 adn.
1331 1059 1392 1119 13
1434 1051 1621 1107 ‘Studi
1648 1051 1892 1106 italiani’
1924 1052 2001 1105 III
2028 1057 2131 1106 330
2160 1051 2288 1106 adn.
2322 1058 2372 1106 1.

492 1127 581 1196 34)
634 1124 856 1180 Codex
907 1122 1398 1179 Londiniensis
1453 1123 1621 1178 Burn.
1655 1130 1753 1177 171
1805 1123 1945 1193 plut.
1979 1128 2079 1177 162
2107 1123 2156 1176 D
2196 1139 2237 1178 s.
2266 1121 2370 1175 XV

349 1197 678 1251 chartaceus
723 1195 987 1251 foliorum
1015 1200 1117 1249 205
1175 1195 1266 1265 (cf.
1306 1194 1483 1250 Catal.
1540 1194 1603 1249 of
1642 1194 1919 1250 Manuscr.
1974 1192 2036 1248 in
2089 1194 2185 1248 the
2230 1192 2371 1247 Brit.

347 1268 488 1322 Mus.
519 1268 546 1322 I
594 1286 648 1338 p.
681 1270 786 1338 54).
887 1265 1152 1321 Continet
1202 1267 1457 1336 Hecyrae
1513 1269 1886 1320 commentum
1938 1265 2245 1334 integrum;
2309 1263 2371 1318 in

351 1339 656 1408 archetypo
695 1337 1034 1392 scholiorum
1061 1336 1231 1392 series
1261 1339 1336 1392 ad
1364 1337 1580 1393 Phorm.
1610 1337 1663 1390 H
1691 1343 1722 1391 3
1760 1337 2010 1392 nondum
2035 1335 2209 1391 fuisse
2242 1352 2375 1390 con—

347 1411 502 1465 fusas
550 1412 680 1463 sunt
725 1425 870 1478 quae
919 1410 1172 1464 doceant.
1256 1408 1467 1463 Textus
1513 1408 1694 1463 forma
1738 1407 1793 1462 ei
1836 1424 2007 1476 quam
2042 1406 2375 1462 Dresdensis

349 1481 581 1536 exhibet
617 1479 832 1536 similis.

493 1556 581 1621 35)
628 1551 848 1607 Codex
893 1550 1384 1607 Londiniensis
1421 1551 1565 1606 Add.
1606 1555 1777 1605 21083
1816 1550 1956 1620 plut.
1987 1549 2159 1603 227A
2197 1566 2239 1604 s,
2268 1550 2375 1602 XV

347 1623 676 1678 chartaceus
714 1629 781 1678 85
828 1622 1090 1677 foliorum
1135 1623 1225 1691 (cf.
1266 1621 1443 1678 Catal.
1492 1622 1556 1677 of
1585 1622 1729 1679 Add.
1766 1624 1826 1676 to
1863 1621 1960 1675 the
1996 1621 2272 1675 Manuscr.
2310 1620 2372 1675 in

348 1695 446 1750 the
476 1694 615 1750 Brit.
645 1694 786 1748 Mus.
819 1695 1007 1766 [1875]
1044 1713 1098 1764 p.
1129 1697 1269 1764 319).
1346 1693 1609 1749 Continet
1642 1691 1902 1747 Eunuchi
1937 1696 1994 1747 et
2021 1691 2374 1747 Phormionis

350 1768 679 1823 commenta.
762 1765 847 1818 Ex
892 1765 963 1819 iis
1010 1781 1154 1834 quae
1199 1765 1269 1820 Η.
1298 1763 1626 1836 Hilgenfeld
1671 1767 1730 1819 et
1772 1765 1814 1819 1.
1841 1764 1901 1818 P.
1924 1763 2118 1818 Gilson
2153 1779 2371 1817 mecum

348 1836 902 1892 communicaverunt
926 1837 1077 1890 hunc
1105 1836 1357 1891 codicem
1382 1836 1444 1891 in
1470 1836 1740 1891 Eunucho
1768 1835 1993 1905 saepius
2022 1835 2092 1888 ad
2123 1833 2378 1888 melioris

348 1912 517 1964 notae
554 1908 730 1978 libros
770 1908 1050 1977 accedere,
1086 1906 1148 1961 in
1173 1908 1508 1963 Phormione
1546 1923 1943 1977 saepenumero
1973 1905 2172 1960 misere
2199 1904 2370 1959 inter·

346 1981 606 2051 polatum
641 1996 763 2035 esse
798 1979 939 2034 mihi
973 1979 1245 2050 persuasi.
1546 1979 1550 1985 ’

493 2056 581 2122 36)
629 2051 847 2106 Codex
894 2050 1383 2105 Londiniensis
1429 2051 1573 2105 Add.
1607 2056 1777 2105 11906
1815 2050 1956 2119 plut.
1988 2048 2160 2103 276G
2196 2067 2237 2103 s.
2269 2048 2372 2101 XV

346 2123 808 2177 membranaceus
845 2122 1108 2177 foliorum
1137 2128 1204 2176 85
1244 2122 1334 2191 (cf.
1366 2121 1544 2177 Catal.
1574 2121 1638 2177 of
1659 2122 1805 2177 Add.
1834 2124 1938 2176 etc.
1970 2121 2158 2193 [1850]
2186 2138 2240 2189 p.
2265 2123 2369 2190 17).

349 2193 615 2249 Continet
638 2193 868 2247 Terenti
900 2192 1124 2248 fabulas
1153 2196 1212 2247 et
1238 2194 1309 2248 ab
1341 2193 1539 2247 eadem
1565 2210 1735 2247 manu
1759 2192 1970 2246 Donati
1998 2194 2373 2250 commentum

346 2266 408 2319 in
453 2264 804 2336 marginibus
851 2265 1214 2334 adscriptum.
1286 2264 1405 2320 Fol.
1441 2272 1493 2317 1¹·
1537 2263 1746 2334 legitur
1785 2262 2119 2319 ‘Jeronimus
2154 2261 2375 2318 minato

347 2339 436 2392 est
475 2337 654 2391 1471’.

713 2638 815 2696 De
863 2638 1182 2697 codicum
1228 2639 1420 2697 inter
1466 2657 1535 2697 se
1580 2636 2003 2696 rationibus.

489 2753 769 2813 Omnium
808 2755 911 2829 qui
949 2754 1023 2812 ad
1059 2757 1325 2813 nostram
1364 2756 1619 2813 aetatem
1654 2755 2050 2830 pervenerunt
2084 2751 2371 2811 librorum

349 2844 889 2919 manuscriptorum
944 2843 1346 2918 antiquissimi
1401 2846 1544 2901 sunt
1597 2842 1823 2902 codices
1868 2839 1928 2899 A
1983 2843 2044 2900 et
2087 2841 2164 2900 B.
2255 2839 2372 2909 Qui

349 2934 464 2992 etsi
509 2952 628 2991 non
675 2931 888 2991 desunt
934 2931 1146 3007 quibus
1194 2931 1486 3008 differant,
1532 2934 1731 2991 tamen
1768 2932 1830 2989 in
1868 2931 2206 2990 universum
2242 2931 2372 2987 tam

352 3024 478 3079 arte
525 3022 823 3080 coniuncti
868 3023 1007 3080 sunt
1052 3013 1135 3102 (v.
1165 3041 1298 3097 app.
1330 3021 1456 3090 crit.
1489 3021 1563 3078 ad
1590 3021 1772 3079 Andr.
1801 3020 1864 3078 H
1896 3022 1953 3093 1,
1985 3021 2063 3078 23
2079 3010 2255 3101 sqq.)‚
2301 3023 2373 3078 ut

349 3129 469 3169 non
522 3111 903 3168 temerarium
963 3128 1087 3169 esse
1141 3109 1414 3169 videatur
1469 3128 1566 3168 eos
1614 3109 1689 3167 ad
1735 3128 2102 3168 communem
2145 3109 2372 3166 fontem

351 3199 586 3272 referre,
630 3199 982 3275 praesertim
1019 3219 1153 3258 cum
1190 3198 1576 3274 archetypum
1614 3198 1689 3257 ad
1724 3197 1908 3256 Andr.
1936 3198 1999 3256 H
2030 3200 2085 3273 1,
2110 3199 2374 3255 24-29

349 3288 695 3346 lacunosum
761 3288 943 3347 fuisse
1007 3291 1254 3363 uterque
1318 3289 1584 3346 testetur.
1707 3286 1820 3346 Sed
1884 3288 2199 3363 quominus
2262 3285 2375 3344 hos

350 3377 533 3436 libros
580 3380 742 3435 recta
788 3378 887 3435 via
935 3397 1004 3435 ex
1050 3376 1154 3436 illo
1203 3375 1523 3451 archetypo
1568 3377 1857 3452 prodiisse
1904 3394 2221 3449 sumamus,
2268 3374 2372 3433 ob·

351 3469 476 3526 stat
537 3466 694 3524 inter
749 3466 869 3524 alia
925 3466 1188 3525 diversus
1245 3467 1710 3524 commentorum
1766 3464 1936 3539 ordo,
1999 3484 2139 3523 nam
2192 3464 2255 3520 in
2308 3460 2373 3518 A

349 3554 639 3613 Andriam
703 3556 971 3630 sequitur
1033 3553 1367 3629 Adelphos,
1432 3555 1497 3612 at
1558 3555 1621 3612 in
1680 3554 1741 3612 B
1804 3554 2094 3611 Andriam
2153 3551 2375 3626 excipit
