2669 3938
756 1041 880 1087 ‘Nec
909 1047 1170 1105 dubitamus
1197 1049 1344 1088 multa
1373 1056 1470 1088 esse
1500 1058 1616 1097 quae
1646 1051 1690 1087 et
1719 1059 1801 1088 nos
1831 1049 2172 1096 praeterierint:

761 1102 968 1141 homines
996 1102 1117 1141 enim
1146 1112 1302 1141 sumus
1330 1105 1377 1140 et
1405 1103 1616 1150 occupati
1644 1097 1844 1142 officiis.‘

1566 1175 1737 1213 Plinius
1765 1175 1815 1213 N.
1844 1174 1900 1213 Η.
1919 1178 2063 1225 praes.
2085 1176 2147 1214 18.

971 1303 1516 1411 Praefatio,

358 1572 589 1631 Donati
635 1572 1031 1630 commentum
1077 1570 1306 1629 edituro
1352 1571 1595 1646 pietatis
1641 1569 1788 1628 mihi
1831 1570 2067 1630 videtur
2113 1589 2256 1646 esse,

233 1665 296 1719 ut
346 1663 544 1737 primo
599 1660 732 1719 loco
780 1678 1228 1719 commemorem
1270 1662 1430 1718 viros
1478 1659 1874 1733 doctissimOS,
1929 1661 2033 1734 qui
2078 1659 2253 1717 huius

234 1750 508 1808 editionis
557 1749 728 1824 quasi
773 1747 1158 1807 fundamenta
1202 1751 1540 1825 posuerunt.
1617 1748 1815 1822 Atque
1853 1747 2255 1806 Ludovicus

235 1838 586 1914 Schopen,
651 1839 755 1912 qui
820 1856 870 1894 a.
924 1839 1088 1896 1821
1160 1837 1634 1896 dissertationem
1689 1831 1801 1895 ‘De
1857 1837 2132 1895 Terentio
2197 1838 2257 1895 et

233 1928 469 1987 Donato
528 1928 655 1986 eius
700 1922 1050 2002 interpr-'ete'
1097 1919 1345 2009 (Bonn.)
1392 1927 1733 2003 scripserat,
1787 1926 2013 2002 primus
2068 1945 2256 1985 novae

232 2017 509 2077 editionis
559 2016 871 2075 consilium
907 2018 1083 2092 cepit,
1128 2020 1197 2075 ut
1235 2018 1484 2093 apparet
1520 2036 1590 2074 ex
1624 2018 2063 2093 programmate
2100 2016 2257 2075 Bon-

234 2108 398 2165 nensi
448 2125 499 2165 a.
543 2106 742 2179 1826,
796 2105 951 2180 quod
997 2107 1298 2182 inscripsit
1345 2100 1676 2181 ‘Specimen
1723 2104 2147 2163 emendationis
2193 2106 2259 2162 in

233 2194 357 2253 Ael.
414 2195 644 2253 Donati
708 2195 1158 2253 commentarios
1214 2196 1598 2253 Terentianos
1666 2194 1739 2251 ad
1799 2214 2015 2253 novam
2069 2194 2256 2253 totius

239 2287 431 2359 operis
481 2284 803 2342 editionem
840 2284 1211 2342 indicendam
1246 2277 1660 2359 propositum'.
1734 2282 1882 2341 Rem
1917 2283 2259 2341 incohatam

235 2392 419 2448 usque
478 2391 545 2431 eo
599 2371 901 2448 perduxit,
956 2374 1024 2430 ut
1078 2391 1215 2448 pars
1272 2372 1587 2430 commenti
1634 2364 1845 2453 (usque
1894 2371 1970 2430 ad
2015 2371 2197 2429 Andr.
2228 2371 2260 2428 I

240 2464 295 2536 2,
327 2454 442 2542 34)
488 2464 653 2537 typis
702 2462 1150 2536 exprimeretur3
1197 2463 1363 2519 cuius
1401 2461 1675 2519 editionis
1712 2461 1867 2519 hunc
1904 2460 2096 2520 voluit
2134 2479 2257 2519 esse

236 2551 482 2609 titulum
529 2545 712 2608 ‘Aelii
753 2549 977 2608 Donati
1023 2550 1430 2608 commentarii
1474 2550 1539 2606 in
1576 2550 1933 2607 Terentium.
2008 2550 2260 2607 Textum

238 2638 363 2697 edd.
430 2642 574 2698 vett.
649 2638 882 2698 collatis
949 2639 1268 2712 recensuit,
1343 2638 1565 2696 scholia
1637 2640 1838 2712 spuria
1901 2638 2136 2696 notavit
2200 2639 2260 2695 et

237 2728 779 2787 animadversiones
828 2728 1060 2787 criticas
1108 2727 1326 2785 adiecit
1362 2725 1427 2784 L.
1468 2727 1525 2785 S.
1590 2726 1836 2784 Accedit
1881 2726 2258 2803 Eugraphius

241 2835 374 2875 cum
429 2817 667 2876 scholiis
723 2816 1023 2875 Bembinis
1082 2819 1141 2875 et
1194 2815 1730 2874 Mediolanensibus
1789 2811 1891 2894 [ab
1939 2815 2089 2892 Ang.
2137 2815 2260 2873 Mai

244 2905 412 2965 editis
451 2905 686 2963 Mediol.
731 2900 975 2983 1815]’.
1059 2904 1282 2973 Quibus
1329 2905 1400 2962 de
1448 2905 1637 2963 causis
1685 2906 1901 2962 conatu
1948 2904 2259 2978 destiterit,

238 2994 384 3051 mihi
439 3013 559 3053 non
615 2994 760 3052 satis
817 2996 1072 3051 constat:
1126 2994 1379 3052 fortasse
1437 2993 1722 3052 editiones
1770 2991 2149 3050 Stallbaumii
2201 2995 2260 3051 et

241 3081 486 3156 Klotzii,
544 3101 693 3157 quae
751 3084 920 3141 annis
979 3083 1320 3141 1830—31
1384 3084 1443 3140 et
1502 3082 1848 3141 1838—40
1898 3081 2260 3157 prodierant,

243 3190 375 3229 eum
418 3174 750 3246 moverunt,
797 3174 867 3229 ut
912 3174 1185 3245 coeptum
1230 3172 1559 3244 omitteret3
1605 3170 1724 3228 nisi
1767 3170 1919 3229 forte
1965 3171 2260 3229 intellexit

246 3268 312 3316 ea
365 3260 652 3334 subsidia,
710 3278 861 3334 quae
914 3260 1194 3334 habebat,
1250 3259 1575 3317 infirmiora
1631 3277 1755 3317 esse
1811 3279 1991 3334 quam
2047 3259 2259 3334 quibus

246 3346 464 3406 Donati
528 3351 923 3407 commentum
983 3350 1047 3406 in
1099 3349 1399 3425 integrum
1452 3348 1688 3406 restitui
1742 3351 1958 3423 posset.
2049 3347 2259 3421 Itaque

251 3455 397 3495 anno
446 3439 612 3496 1851
654 3437 956 3496 Lutetiam
991 3437 1354 3496 Parisiorum
1399 3455 1459 3495 se
1507 3436 1759 3495 contulit
1794 3437 1994 3511 ibique
2033 3436 2260 3494 codices

255 3527 437 3601 7920,
477 3528 668 3600 7921,
709 3528 876 3587 7899
919 3527 1187 3585 contulit.
1251 3526 1437 3584 Paulo
1472 3528 1611 3600 post
1637 3525 1908 3583 Vahleno
1936 3524 2261 3595 mandavit,
2335 3549 2362 3576 κ

251 3616 318 3672 ut
344 3615 455 3674 sibi
480 3615 708 3675 codices
736 3614 1082 3674 Leidensem
1115 3618 1174 3673 et
1201 3615 1588 3673 Dresdensem
1618 3616 1934 3686 excuteret,
1971 3603 2368 3714 simulqueffiff

1768 3709 1837 3763 a*
2275 3707 2304 3731 ²²
