2669 3938
1018 207 1301 262 PRAEFA
1311 206 1448 263 ΤΙΟ.
2092 207 2240 261 XLV

209 358 330 416 dini
379 345 602 438 (Stu'd.
641 352 797 417 isal?
835 358 896 416 11
927 361 1007 417 22
1059 379 1103 418 ο.
1147 360 1310 432 adn.;
1362 361 1471 434 733
1517 358 1610 417 111
1640 351 1818 441 335),
1864 358 1960 418 eui
2004 358 2067 416 id
2105 377 2239 416 oon-

210 446 346 505 cedo
402 447 741 522 proximum
792 448 1016 506 fontem
1061 449 1407 508 minusculis
1453 449 1670 507 litteris
1715 450 2031 524 scriptum,
2082 449 2240 505 hunc

211 539 407 594 autem
460 538 661 612 ipsum
715 557 786 595 ex
836 537 1033 596 codice
1077 535 1441 596 maiusculae
1488 538 1861 596 litteraturae
1907 537 2241 595 derivatum

210 626 389 684 fuisse
439 617 542 705 (cf.
592 645 745 701 quae
784 624 821 700 ἓ
855 629 892 684 2
941 626 1012 684 de
1048 626 1319 686 Parisino
1357 624 1417 684 A
1452 618 1758 706 indicavi).
1835 625 2006 695 Quod
2042 629 2240 684 autem

212 717 300 772 vir
372 714 752 774 doctissimus
826 715 1129 774 contendit
1198 718 1563 791 prototypon
1637 715 1935 791 exemplar
2005 716 2239 774 saeculo

210 803 507 862 VI—VII
571 804 904 862 confectum
967 822 1119 878 esse,
1183 806 1431 880 paulum
1495 805 1569 863 ab
1635 824 1703 863 eo
1766 804 2063 862 dissentio.
2168 803 2238 861 Id

213 891 450 966 quidem
518 895 677 951 recte
742 893 1165 952 animadvertit
1226 896 1548 953 terminum
1612 892 1908 969 quendam
1969 893 2242 968 praeberi

211 981 447 1040 scholiis
504 981 778 1040 Bembini
839 982 1057 1041 codicis
1122 983 1197 1041 ad
1252 982 1625 1041 Phormionis
1687 984 1922 1058 partem
1982 984 2241 1057 priorem

211 1070 645 1146 spectantibus:
700 1089 852 1146 quae
907 1073 1140 1130 saeculo
1186 1071 1305 1129 VH
1362 1072 1664 1145 attribuit,
1720 1090 1855 1130 cum
1908 1072 2009 1129 vix
2052 1072 2242 1145 possit

212 1177 329 1218 esse
398 1159 673 1233 dubium,
737 1161 882 1235 quin
945 1165 1109 1219 sexto
1174 1162 1408 1220 saeculo
1471 1161 1874 1220 vetustissimo
1930 1159 2083 1218 libro
2139 1158 2241 1218 ad-

212 1251 433 1324 scripta
480 1250 603 1306 sint
647 1240 730 1329 (v.
778 1267 958 1324 supra
1003 1248 1040 1324 §
1081 1252 1140 1325 5,
1168 1242 1252 1331 1).
1339 1249 1453 1308 Sed
1500 1249 1658 1325 quod
1704 1250 1962 1309 Leonem
2008 1250 2240 1327 secutus

214 1337 356 1395 dicit
383 1337 691 1396 Prisciano
726 1338 1053 1412 pleniorem
1091 1341 1410 1397 commenti
1436 1338 1696 1397 Donatei
1722 1340 1976 1397 formam
2002 1340 2241 1413 praesto

211 1427 418 1500 fuisse,
478 1446 657 1501 quam
704 1446 855 1502 quae
904 1427 979 1485 ad
1023 1446 1131 1487 nos
1175 1430 1538 1502 pervenerit,
1592 1427 1656 1485 id
1700 1427 1950 1503 probare
1996 1428 2241 1485 minime

212 1534 480 1590 possum:
547 1517 767 1574 etenim
830 1518 881 1574 si
946 1516 1092 1578 duos
1156 1518 1293 1576 illos
1358 1518 1753 1576 institutionis
1818 1518 2240 1594 grammaticae

213 1606 371 1663 locos
419 1597 507 1685 (v.
537 1602 576 1679 ἓ
610 1608 642 1663 1
674 1599 923 1686 testim.)
972 1623 1401 1682 comparamus,
1447 1607 1559 1664 hoc
1605 1606 1796 1664 solum
1844 1605 2098 1664 efficitur
2144 1605 2241 1663 de·

216 1696 573 1769 prompsisse
621 1696 1076 1771 grammaticum
1123 1715 1194 1753 ex
1238 1696 1466 1753 Donati
1511 1697 1843 1754 commento
1889 1696 2119 1753 variam
2165 1693 2240 1751 ad

213 1783 398 1841 Andr.
428 1782 523 1841 ΠΙ
554 1784 612 1857 3,
632 1785 672 1840 4
720 1782 1036 1842 lectionem
1075 1777 1325 1859 ‘paucis'
1367 1787 1428 1842 et
1456 1778 1710 1858 ‘pauca',
1757 1801 1939 1859 quam
1974 1786 2274 1841 nostrum*

214 1891 448 1947 quoque
499 1874 896 1930 commentum
941 1875 1211 1931 testatur.
1299 1874 1485 1931 Nulla
1529 1874 1717 1949 igitur
1761 1893 1824 1930 re
1870 1871 2243 1947 impedimur,

213 1962 355 2036 quin
403 1960 599 2020 medio
645 1961 767 2020 fere
814 1963 1045 2021 saeculo
1083 1961 1170 2020 VI
1216 1982 1346 2021 eam
1371 2005 1374 2006 ν
1395 1982 1545 2038 quae
1592 1965 1848 2021 aetatem
1893 1962 2037 2020 tulit
2078 1963 2239 2021 scho-

213 2051 430 2109 liorum
486 2050 978 2109 Terentianorum
1040 2052 1441 2112 recensionem
1497 2069 1620 2111 esse
1677 2055 1870 2111 ortam
1925 2069 2240 2110 sumamus,

343 2139 477 2197 Iam
540 2140 678 2198 vide
744 2158 962 2215 quaeso
975 2185 990 2214 ,
1063 2143 1354 2215 quantum
1418 2142 1679 2216 spatium
1739 2144 2024 2216 temporis
2087 2143 2244 2199 inter

212 2230 580 2304 prototypon
616 2228 769 2286 illud
806 2231 1108 2306 exemplar
1143 2233 1204 2288 et
1241 2230 1721 2305 antiquissimum
1757 2249 1933 2304 quem
1960 2229 2246 2288 habemus

216 2317 475 2376 codicem
510 2349 587 2359 ——·
620 2317 955 2376 Par-isinum
993 2316 1054 2375 A
1090 2337 1133 2378 s.
1171 2319 1257 2376 XI
1294 2320 1425 2378 dico
1454 2352 1543 2360 —
1571 2319 1924 2378 intercedat:
1959 2319 2243 2377 facillime

215 2409 414 2465 animo
482 2406 971 2481 comprehendere
1031 2410 1279 2483 poteriS,
1347 2428 1529 2483 quam
1583 2409 1711 2466 lata
1766 2410 1956 2466 omnis
2012 2410 2242 2484 generis

216 2496 569 2571 corruptelis
606 2497 955 2570 praesertim
993 2498 1057 2554 in
1093 2498 1433 2556 huiusmodi
1469 2516 1643 2573 opere
1681 2498 1983 2573 patefacta
2020 2498 2099 2555 sit
2125 2499 2254 2555 via..

216 2584 376 2654 Quas
416 2586 469 2643 si
504 2586 926 2643 removerimus
962 2617 1036 2626 —
1078 2587 1237 2662 quod
1274 2588 1344 2644 ut
1380 2586 1561 2662 fieret,
1600 2586 1766 2646 enixe
1803 2605 2045 2661 operam
2082 2584 2243 2642 dedi:

215 2692 582 2750 quamquam
652 2675 953 2749 permulta
1027 2674 1216 2734 adhuc
1290 2677 1706 2751 sospitatorem
1779 2675 2052 2751 flagitare
2083 2687 2086 2692 ⁴
2125 2692 2242 2731 non

213 2765 425 2840 ignoro
473 2794 543 2802 —
557 2807 572 2836 ,
619 2782 736 2821 non
782 2762 858 2822 ad
893 2765 1091 2838 ipsum
1114 2763 1352 2842 'Donati
1389 2767 1785 2823 commentum
1820 2764 2244 2839 perveniemus„

218 2852 315 2910 sed
364 2850 443 2910 ad
492 2871 623 2909 eam
667 2853 1079 2911 tantummodo
1118 2872 1299 2928 quam
1338 2855 1571 2912 saeculo
1609 2856 1772 2912 sexto
1810 2852 2243 2928 assignavimus

214 2941 579 3000 scholiorum
643 2942 1145 3016 compilationem,
1212 2961 1392 3017 quam
1447 2943 1513 3000 in
1567 2943 1679 3000 hac
1734 2941 1992 2999 editione
2049 2940 2244 3015 quoad

214 3030 341 3088 fieri
389 3032 595 3105 potuit
631 3030 1069 3105 exprimendam
1107 3032 1330 3104 curavi,
1368 3031 1513 3090 adeo
1561 3034 1634 3089 ut
1670 3033 1853 3089 etiam
1889 3030 2246 3089 scholiorum
2298 3035 2308 3045 ‘

214 3119 485 3178 ordinem
533 3137 952 3194 saepenumero
999 3121 1414 3195 perturbatum
1460 3122 1833 3179 servaverim.

352 3207 504 3266 Cum
549 3228 671 3266 non
717 3208 796 3267 sit
839 3211 903 3267 in
949 3212 1148 3268 animo
1187 3212 1379 3268 totam
1414 3209 1511 3268 hic
1547 3211 1910 3285 pertractare
1950 3210 2248 3284 quaestio-

214 3317 348 3355 nem
377 3297 735 3372 Donateam,
773 3300 918 3356 satis
954 3298 1143 3358 habeo
1181 3299 1490 3372 indicasse,
1529 3297 1820 3373 quomodo
1849 3303 2246 3357 commentum

215 3391 483 3445 nostrum
540 3390 739 3445 ortum
794 3404 917 3467 esse
970 3387 1261 3446 videatur.
1354 3388 1484 3445 Iam
1527 3387 1664 3445 inde
1711 3389 1786 3445 ab
1834 3386 2067 3445 saeculo
2103 3384 2247 3466 XVI

216 3476 331 3533 viri
387 3476 550 3534 docti
605 3476 1154 3535 animadverterunt
1196 3477 1352 3534 hanc
1398 3476 1756 3534 scholiorum
1801 3476 2162 3551 farraginem
2210 3492 2246 3529 a

218 3563 452 3625 Donato
500 3583 619 3624 non
668 3582 792 3623 esse
838 3566 1166 3640 profectam
1215 3557 1296 3646 (v.
1347 3560 1545 3623 ‘Studi
1590 3559 1742 3622 ital.'
1789 3563 1851 3621 II
1881 3555 2075 3641 4sq.);
2129 3563 2245 3616 ita-
