2669 3938
1051 210 1140 264 PR
1148 207 1480 276 AEFATIO.
2043 209 2275 262 XXXIX

238 354 369 409 dum
404 353 505 420 d.’,
552 351 615 405 in
653 351 863 406 Donati
911 355 1221 406 commento
1270 351 1381 406 duo
1430 354 1653 405 exstant
1693 351 1916 406 ¹scholia
1956 352 2036 419 ‘1)
2074 374 2145 406 AB
2176 374 2277 406 imo

245 447 303 479 rr
340 446 492 479 omna
516 466 675 479 .....
713 427 776 492 2)
816 445 918 478 Nnc
954 446 1016 478 TV
1044 446 1195 480 OMNIA
1222 424 1436 478 audisti
1447 424 1835 479 ..subauditurffi
1892 423 2010 476 Iam
2039 427 2275 492 apparet

239 495 395 550 illam
423 493 746 549 Victoriani
775 493 1198 549 adnotationem
1226 494 1300 548 ad
1329 495 1637 548 secundum
1664 493 1938 548 scholium
1963 493 2271 565 pertinere3

240 566 337 620 sed
381 582 569 634 neque
614 565 677 619 in
722 565 829 619 hoc
872 582 1054 634 neque
1098 565 1160 619 in
1204 564 1305 619 illo
1353 566 1506 635 apud
1551 564 1835 619 Donatum
1882 568 1980 619 ‘an
2024 566 2164 620 haec
2209 567 2272 619 tu

241 636 450 692 omnia’
494 636 730 707 legitur,
770 653 915 704 quae
953 639 1149 691 contra
1185 635 1355 690 lectio
1396 639 1483 690 est
1518 635 1793 691 librorum
1819 638 1940 691 PG.
2013 636 2272 691 Fortasse

240 708 415 779 igitur
450 707 771 771 Victoriani
816 707 1089 763 scholium
1135 709 1496 777 desumptum
1540 710 1628 762 est
1676 724 1743 763 ex
1781 707 1973 762 codice
2010 709 2272 776 quodam,

239 779 296 837 in
340 796 456 848 quo
503 780 580 832 ad
624 779 798 834 verba
836 781 933 836 ‘an
977 779 1118 833 haec
1164 781 1227 833 tu
1274 779 1484 833 omnia'
1535 796 1705 848 supra
1749 795 1969 834 versum
2016 779 2274 833 additum

241 854 364 906 erat
404 849 651 907 ‘scilicet
686 849 899 907 audisti
936 868 978 907 s.
1019 851 1096 906 d.'
1166 850 1276 904 Sed
1311 851 1453 905 haec
1491 849 1789 905 sufficiant.
1855 851 1919 903 In
1948 849 2272 904 Victoriano

240 923 377 978 ordo
421 921 747 976 fabularum
794 925 902 977 est:
951 921 1164 976 Andria
1208 921 1501 991 Adelphoe
1546 921 1849 975 Eunuchus
1898 923 2030 989 etc.‚
2079 921 2273 989 itaque

242 993 583 1061 Sabbadini‚
631 993 783 1062 quod
827 992 1069 1053 frustula
1105 993 1365 1047 Donatea
1411 993 1485 1046 ad
1519 992 1795 1046 Andriam
1840 994 1897 1046 et
1942 992 2276 1046 Eunuchum

240 1064 555 1134 pertinent,
605 1063 965 1134 sagacissime
1004 1063 1278 1117 conclusit
1317 1063 1572 1118 derivata
1608 1080 1729 1118 esse
1768 1066 2032 1133 excerpta
2068 1062 2169 1116 illa
2206 1080 2274 1116 ex

240 1135 412 1204 libro,
460 1135 523 1188 in
559 1152 669 1203 quo
706 1134 979 1188 Andriam
1015 1134 1317 1189 Eunuchus
1357 1135 1699 1204 excipiebat3
1739 1135 1838 1189 sed
1876 1134 2007 1188 hinc
2036 1134 2274 1187 eundem

240 1206 497 1263 ordinem
543 1223 614 1260 ex
649 1206 859 1263 Donati
903 1206 1096 1274 aliquo
1144 1205 1336 1261 codice
1373 1205 1688 1275 profectum
1724 1222 1846 1260 esse
1883 1223 2010 1260 mea
2046 1204 2275 1274 quidem

242 1277 527 1333 sententia
573 1294 684 1333 non
729 1277 1045 1333 necessario
1095 1276 1409 1349 colligitur,
1458 1295 1585 1330 cum
1632 1280 1690 1332 et
1724 1277 1785 1331 in
1820 1277 1982 1331 libris
2021 1276 2131 1332 Po
2163 1276 2274 1330 Eu-

240 1349 459 1405 nuchus
499 1351 767 1417 sequatur
802 1348 1089 1405 Andriam.

381 1424 438 1490 3)
479 1418 758 1475 Scholia
794 1419 1276 1477 Riccardiana.
1342 1419 1426 1473 De
1463 1419 1800 1473 Riccardino
1838 1423 1939 1488 (nr.
1970 1423 2074 1474 528
2104 1437 2145 1473 s.
2175 1418 2273 1487 XI)

241 1491 634 1561 Umpfenbach
696 1491 758 1545 in
820 1490 1171 1560 praefatione
1268 1534 1279 1546 .
1328 1491 1561 1545 XXXIII
1623 1490 1709 1544 ita
1763 1491 1959 1545 refert:
2028 1492 2276 1559 ‘praeter

243 1562 548 1617 secundam
601 1578 832 1619 manum
885 1562 946 1618 in
1000 1561 1165 1617 initio
1211 1510 1464 1632 gecyrae
1514 1566 1572 1616 et
1616 1561 1676 1615 in
1721 1561 2056 1616 Phormione
2101 1559 2274 1614 tertia

241 1634 522 1702 quaedam
568 1633 818 1687 eiusdem
864 1633 1068 1687 aetatis
1107 1636 1424 1687 atramento
1462 1632 1708 1702 nigriore
1747 1636 1806 1686 et
1841 1632 2105 1686 ductibus
2144 1633 2274 1685 sub-

240 1704 527 1761 tilioribus
584 1707 847 1774 excerpta
901 1721 969 1759 ex
1024 1703 1252 1758 scholiis
1310 1703 1648 1758 Donatianis
1705 1703 1995 1773 aspersit’;
2061 1702 2276 1756 ibidem

244 1777 393 1841 (adn.
426 1779 483 1847 1)
520 1792 665 1844 quae
702 1775 912 1846 partim
949 1775 1070 1846 ipse
1105 1774 1316 1846 partim
1355 1774 1705 1829 Studemund
1742 1774 2157 1844 descripserant
2183 1790 2274 1828 ex-

240 1847 414 1903 hibet.
475 1846 768 1901 Pertinent
805 1850 996 1900 autem
1029 1845 1245 1901 scholia
1271 1845 1662 1914 Riccardiana‚
1702 1862 1846 1914 quae
1876 1845 2048 1901 etiam
2077 1844 2273 1899 Schlee

243 1919 496 1992 syllogae
534 1934 668 1974 suae
704 1916 943 1974 inseruit
981 1919 1054 1988 (p.
1087 1921 1346 1988 69—75),
1386 1918 1460 1973 ad
1495 1917 1628 1973 Hec.
1664 1916 1803 1988 prol.
1832 1916 1859 1971 Ι
1890 1916 2017 1971 l-—I
2038 1923 2086 1985 2,
2110 1921 2178 1968 84
2217 1918 2276 1969 et

244 1992 316 2044 ad
341 1990 567 2046 Phorm.
595 1989 736 2059 prol.
770 1990 1024 2058 1-1112‚
1048 1996 1105 2056 13
1143 1988 1353 2044 Donati
1389 2006 1593 2044 nomen
1620 2007 1898 2057 nusquam
1928 1988 2274 2058 adscriptum

243 2066 339 2118 est.
397 2061 735 2130 Plerumque
771 2061 912 2116 haec
950 2063 1212 2130 excerpta
1251 2060 1609 2114 consentiunt
1646 2077 1773 2114 cum
1808 2059 2036 2131 optimis
2063 2059 2273 2114 Donati

242 2132 557 2200 codicibus;
585 2131 779 2213 itaque
808 2130 1075 2204 quoniam
1101 2132 1162 2185 in
1189 2132 1297 2185 hac
1318 2131 1617 2186 commenti
1634 2133 1797 2201 parte
1817 2131 1926 2185 nisi
1947 2130 2158 2185 saeculi
2173 2130 2275 2183 XV

241 2203 373 2262 libri
419 2203 790 2272 manuscripti
834 2203 998 2260 nobis
1044 2206 1270 2273 praesto
1317 2218 1432 2256 non
1478 2210 1634 2271 sunt,
1689 2202 1866 2257 multo
1914 2202 2275 2256 vetustiorem

242 2278 446 2331 testem
504 2277 785 2331 servatum
840 2291 959 2328 esse
1013 2274 1341 2344 gaudemus.
1422 2272 1675 2328 Tametsi
1719 2273 1814 2327 hic
1859 2290 2080 2343 quoque
2129 2272 2275 2327 sicut

242 2347 300 2402 in
344 2345 635 2402 Bembinis
683 2344 910 2400 scholiis
960 2344 1221 2400 cautione
1270 2361 1409 2413 opus
1448 2348 1559 2412 est,
1607 2361 1677 2398 ne
1713 2344 1923 2399 Donati
1962 2346 2273 2398 commento

244 2417 654 2481 adscdbamm,
720 2416 870 2484 quod
936 2416 1042 2471 soli
1107 2415 1449 2485 excerptoris
1506 2415 1739 2471 arbitrio
1797 2416 2058 2482 debetur,
2123 2415 2276 2468 velut

244 2489 313 2542 ad
352 2489 574 2543 Phorm.
612 2487 664 2541 II
692 2494 832 2555 2‚24
879 2504 1065 2541 versus
1112 2485 1423 2555 Iuvenalis,
1470 2504 1639 2555 quem
1684 2486 1903 2542 codices
1949 2485 2127 2541 nostri
2162 2502 2275 2539 non

249 2577 281 2613 a
362 2562 579 2614 oscunt.

283 2579 359 2631 gn
384 2634 439 2698 4)
479 2629 758 2684 Scholia
793 2628 1155 2683 Vaticana.
1230 2628 1572 2697 Perexiguus
1621 2632 1707 2683 est
1741 2646 2001 2683 numerus
2041 2625 2275 2680 scholio-

244 2720 367 2755 rum
403 2702 785 2756 Donateorum
830 2700 890 2753 in
937 2701 1056 2755 cod.
1087 2699 1367 2763 Vaticano
1406 2706 1544 2754 3868
1584 2718 1625 2755 s.
1664 2699 1854 2771 IXJX,
1903 2699 1970 2753 cf.
2009 2697 2275 2768 Umpfen-

246 2773 393 2828 bach
430 2772 493 2826 in
529 2772 764 2841 praefat.
804 2790 857 2840 p.
888 2771 1093 2824 XXVII
1131 2774 1189 2826 et
1227 2770 1424 2825 Schlee
1460 2771 1497 2827 l.
1537 2789 1581 2826 c.
1620 2790 1675 2840 p.
1708 2775 1935 2825 67—68.

385 2847 439 2914 ὃ)
495 2842 773 2900 Scholia
828 2842 1163 2896 Parisina.
1264 2843 1384 2896 Iam
1449 2841 1599 2923 apud
1655 2840 2177 2921 Umpfenbachium.
2215 2839 2274 2892 in

244 2915 415 3042 32³³?
435 2914 738 3039 affl
779 2912 1893 3057 &zittzissffiscsstssss1ssss2*ssJT:
1916 2911 2275 3053 Ῑὲῗέἒῖῗὲἰῖ

244 3057 423 3111 multa
451 3073 590 3123 esse,
630 3056 832 3111 deinde
861 3072 1157 3124 rarescere,
1192 3055 1478 3109 nonnullis
1506 3054 1647 3109 locis
1674 3055 1841 3124 plane
1870 3055 2111 3120 deesse’3
2153 3056 2276 3107 tum

246 3127 546 3186 Chatelain
586 3127 863 3197 ‘Paleogin
902 3127 1002 3182 des
1041 3127 1199 3184 class.
1239 3128 1386 3181 Lat.'
1429 3127 1503 3180 ad
1538 3126 1796 3180 tabulam
1832 3126 1933 3179 VII
1971 3126 2041 3180 de
2079 3125 2276 3181 eodem

246 3200 434 3255 codice
472 3200 559 3254 ita
593 3199 789 3253 refert:
833 3199 1006 3254 ‘Dans
1043 3197 1098 3253 le
1126 3197 1300 3253 Paris.
1336 3203 1491 3265 7899,
1528 3197 1582 3252 le
1620 3200 1773 3252 texte
1811 3198 1882 3252 de
1910 3197 2154 3250 Terence
2190 3199 2275 3249 est

248 3287 510 3346 accompa
552 3273 641 3337 ne,
682 3287 755 3324 au
791 3269 973 3325 moins
1013 3270 1154 3324 dans
1191 3269 1252 3322 la
1286 3268 1559 3338 premiere
1596 3268 1779 3338 partie
1819 3269 1894 3321 du
1930 3267 2167 3336 volume,
2205 3267 2274 3320 de

246 3343 427 3417 gloses
485 3359 518 3396 a
561 3342 837 3398 ondantes
894 3342 1248 3410 empruntees
1294 3338 1714 3409 generalement
1760 3356 1834 3393 au
1879 3337 2273 3393 commentaire

248 3413 314 3468 de
350 3414 588 3483 Donat'3
637 3411 881 3480 denique
928 3411 1125 3465 Schlee
1169 3430 1224 3481 p.
1256 3416 1324 3463 38
1361 3408 1704 3464 mentionem
1747 3410 1911 3477 facit,
1961 3427 2088 3464 cum
2135 3408 2277 3460 dicit

249 3483 329 3539 ‘in
373 3487 430 3540 P
468 3484 614 3540 libro
660 3483 856 3555 priora
898 3482 1038 3536 folia
1083 3481 1381 3537 duodecim
1423 3480 1619 3535 multis
1666 3480 1999 3535 Donatianis
2048 3476 2273 3532 scholiis

249 3556 428 3613 obsita
475 3558 646 3611 sunt’.
723 3555 881 3608 Haec
929 3552 1141 3608 scholia
1190 3552 1437 3622 exceptis
1477 3550 1582 3619 eis,
1632 3567 1777 3619 quae
1816 3548 2113 3604 Chatelain
2149 3548 2185 3600 1.
2226 3563 2271 3600 c.
