2669 3938
965 221 1393 280 PRAEFATIO.
2016 222 2189 277 XLIX

151 369 513 424 Eunuchus
1224 364 1544 423 Phormio

151 439 224 495 IV
252 447 280 494 1
322 437 478 494 doris
526 441 578 494 T
1277 438 1303 490 I
1333 443 1365 491 3
1402 455 1634 490 Auru-110
1673 453 1908 489 manum
1946 436 2002 491 R

255 518 287 565 2
327 510 571 580 phedria
618 512 671 564 T
1330 515 1366 562 4
1405 527 1544 562 mm
1579 526 1809 561 sumno
1849 525 2097 560 rusum
2134 508 2190 563 R

256 590 288 635 3
327 581 551 636 Phitias
592 579 784 634 dorias
812 578 1047 649 phedria
1076 581 1125 633 T
1251 579 1304 632 II
1336 586 1362 633 1
1402 598 1640 632 Dmnrno
1683 598 1849 632 smmx
1888 579 1943 633 R

255 660 289 706 4
326 652 571 723 phedria
605 649 821 732 pithias
865 652 915 705 T
1333 657 1367 704 2
1405 668 1642 704 ruomuo
1683 651 1738 705 R

254 731 290 778 5
329 724 595 778 Chremes
632 721 846 791 pithias
888 722 938 775 T
1337 728 1372 777 4
1409 740 1647 774 nummo
1688 722 1745 776 R

260 801 293 849 6
332 794 466 848 Tais
512 793 732 864 pithias
771 792 989 847 Cremes
1031 793 1081 846 T
1225 791 1304 845 III
1334 799 1362 846 1
1403 792 1635 846 Asnrho
1675 793 1732 846 R

261 872 290 920 7
331 866 507 921 Traso
612 863 798 918 Gnato
898 863 1117 918 Cremes
1336 870 1367 917 2
1406 863 1639 917 rhsnmA
1676 864 1733 917 R

332 935 509 990 Thais
556 937 607 990 T
1224 933 1303 988 IV
1334 942 1363 988 1
1403 933 1642 987 nmrho
1684 934 1916 988 chromis
1956 932 2012 989 R

184 1007 232 1062 V
264 1014 290 1061 1
333 1006 468 1060 Tais
507 1005 728 1060 Phitias
774 1007 824 1060 T
1334 1012 1367 1059 3
1405 1005 1636 1060 Auru-ho
1676 1006 1733 1059 R

260 1086 291 1133 2
332 1078 585 1132 Chaerea
619 1076 831 1146 phitias
865 1075 1038 1131 Thais
1075 1078 1125 1131 T
1253 1076 1305 1130 V
1336 1083 1364 1129 1
1405 1093 1672 1146 sopnom
1708 1077 1765 1131 R

159 1148 512 1218 Adelphoe
1339 1153 1370 1200 3
1409 1166 1647 1201 naun-no
1688 1148 1745 1202 R

208 1220 289 1274 11
331 1238 486 1273 moro
527 1238 694 1272 snm-:x
733 1221 786 1274 A
1336 1223 1367 1272 9
1405 1236 1727 1273 ΝΑεῙετΒΑΤΑ
1766 1219 1822 1274 R

160 1291 422 1360 Hecyra

210 1362 235 1414 I
264 1369 292 1416 1
331 1359 571 1431 philotis
601 1377 758 1429 syrus
786 1376 1054 1429 parmeno
1077 1360 1124 1415 Ο
1298 1360 1345 1413 Ε
1366 1358 1559 1414 codice
1582 1361 1635 1415 V
1654 1376 1837 1429 neque
1857 1376 1894 1413 a
1910 1359 2190 1416 Wissowa

162 1432 232 1486 IV
261 1440 289 1486 1
329 1431 567 1485 mirrina
601 1430 908 1500 phidippus
945 1432 1002 1484 Β
1225 1447 1411 1500 neque
1445 1448 1482 1485 a
1508 1430 1859 1485 Sabbadinio
1889 1430 2191 1500 quicquam

263 1509 294 1556 2
335 1505 581 1557 sostrata
616 1501 939 1572 pamphilus
977 1503 1034 1555 Β
1228 1504 1520 1556 enotatum
1573 1505 1683 1570 est;
1741 1518 1840 1556 cur
1885 1501 2188 1557 deteriores

186 1574 234 1627 V
264 1582 292 1629 1
330 1573 532 1628 bachis
569 1572 760 1627 laches
800 1575 857 1627 Β
1227 1572 1403 1627 libros
1422 1572 1786 1643 neglexerim,
1804 1589 1918 1631 non
1937 1573 2190 1642 estquod

261 1652 293 1699 2
330 1644 640 1715 phidippus
652 1643 841 1698 laches
852 1643 1051 1698 bachis
1063 1645 1118 1697 Β
1229 1643 1622 1698 demonstrem.

287 1811 519 1871 Deinde
557 1813 679 1870 alia
714 1830 806 1871 res
845 1812 1386 1871 commemoranda:
1421 1811 1722 1871 interdum
1759 1814 1917 1870 enim
1955 1830 2191 1871 scaena-

162 1922 289 1961 rum
355 1900 701 1960 distributio
764 1903 829 1958 in
889 1900 1190 1960 codicibus
1245 1903 1566 1961 commenti
1621 1903 1811 1960 nostri
1864 1899 2063 1959 differt
2117 1900 2191 1960 ab

160 2011 243 2066 ea,
294 2010 480 2067 quam
526 1991 767 2049 Terenti
810 1990 953 2049 libri
997 1992 1312 2049 testantur.
1404 1991 1612 2049 Novae
1658 2008 1904 2049 scaenae
1948 1992 2193 2049 initium

161 2083 411 2157 apparet
438 2079 623 2137 Andr.
653 2078 741 2137 IV
772 2081 830 2154 3,
854 2082 919 2154 73
954 2079 1105 2137 Eun.
1136 2079 1191 2135 V
1213 2081 1273 2154 4,
1295 2081 1407 2152 213
1443 2078 1585 2137 Hec.
1614 2078 1708 2137 m
1731 2082 1787 2154 1,
1809 2080 1920 2154 383
1957 2079 2190 2138 Phorm.

158 2168 247 2228 ΙΠ
276 2171 336 2243 3,
362 2172 396 2227 7
412 2191 428 2243 3
494 2170 736 2227 econtra
798 2186 955 2227 nova
1020 2186 1234 2227 scaena
1296 2186 1417 2226 non
1470 2167 1736 2226 indicata
1791 2169 1881 2227 est
1924 2167 2037 2226 Ad.
2064 2167 2121 2224 V
2153 2169 2190 2224 5

161 2251 267 2338 (sic
306 2258 363 2317 V
395 2249 586 2339 dett.);
622 2256 736 2315 Ad.
763 2256 820 2313 V
851 2259 888 2315 8
931 2249 1042 2337 (sic
1082 2248 1193 2336 0);
1230 2256 1343 2314 Ad.
1373 2255 1430 2312 V
1462 2257 1525 2330 93
1563 2255 1708 2315 Hoc.
1742 2256 1829 2314 IV
1860 2257 1897 2314 3
1939 2248 2050 2336 (sic
2081 2247 2193 2336 0);

160 2345 392 2406 Phorm.
430 2345 526 2404 111
556 2348 614 2420 3,
638 2348 703 2419 13
768 2345 1000 2404 Phorm.
1039 2345 1127 2404 IV
1159 2348 1224 2419 23
1290 2344 1523 2403 Phorm.
1553 2344 1611 2400 V
1644 2348 1697 2403 7.
1796 2344 1895 2402 Ad
1957 2344 2191 2403 Phorm.

158 2434 247 2494 ΙΠ
276 2437 336 2509 3,
361 2439 394 2492 1
459 2438 521 2493 et
579 2437 613 2492 7
671 2452 765 2493 res
820 2436 885 2492 ni
938 2434 1117 2493 fallor
1170 2434 1417 2493 librario
1464 2432 1780 2492 tribuenda
1826 2436 1941 2507 est,
2007 2434 2111 2508 qui
2158 2453 2193 2491 a

162 2541 306 2589 evm
344 2540 582 2581 rAcmu
619 2540 822 2582 versus
859 2523 1046 2599 primi*
1078 2522 1382 2582 aberravit
1418 2523 1495 2580 ad
1534 2540 1682 2588 va
1720 2538 1955 2581 mcum
1991 2539 2191 2580 versus

161 2614 415 2688 septimi.
512 2611 599 2670 Of.
645 2614 829 2670 etiam
874 2611 1139 2671 Rabbow
1184 2632 1241 2688 p.
1274 2612 1420 2670 335.

285 2878 422 2936 Iam
471 2895 606 2935 cum
651 2876 726 2936 ad
771 2878 948 2936 finem
991 2879 1379 2953 pervenerim,
1424 2879 1614 2936 restat
1649 2878 1719 2934 ut
1753 2877 1980 2953 gratias
2019 2894 2194 2954 agam

159 2966 429 3042 inprimis
479 2963 734 3043 Georgio
778 2966 1100 3041 Wissowa,
1156 2968 1261 3042 qui
1317 2984 1453 3025 cum
1507 2986 1600 3025 me
1655 2967 1718 3023 in
1764 2965 1991 3026 Donati
2037 2984 2189 3025 com-

161 3059 426 3114 mentum
500 3072 743 3129 operam
815 3055 1193 3132 studiumque
1267 3056 1531 3113 conferre
1595 3056 2003 3130 comperisset,
2074 3073 2193 3113 non

161 3143 331 3203 modo
400 3143 560 3219 quod
625 3144 769 3203 olim
833 3146 1070 3220 ceperat
1121 3162 1311 3203 novae
1367 3143 1647 3203 editionis
1701 3143 2002 3219 parandae
2058 3162 2194 3203 con-

163 3232 362 3291 silium
418 3232 719 3309 deposuit,
773 3251 978 3291 verum
1032 3234 1214 3291 etiam
1265 3251 1413 3307 quas
1458 3232 1586 3307 ipse
1634 3233 1969 3291 confecerat
2014 3232 2192 3291 colla·

163 3321 353 3380 tiones
426 3321 852 3379 humanissime
914 3321 1064 3379 mihi
1127 3322 1443 3395 concessit,
1517 3320 1723 3379 eodem
1795 3320 2193 3379 intercedente

163 3409 390 3468 factum
428 3411 535 3483 est,
572 3411 643 3467 ut
682 3409 975 3484 Schopeni
1013 3413 1072 3468 et
1108 3409 1576 3468 Reifferscheidii
1612 3409 1859 3468 schedae
1899 3409 2194 3484 amplissi-

164 3516 292 3556 mae
359 3498 433 3556 ab
498 3499 690 3556 huius‘
737 3517 916 3556 uxore
973 3500 1217 3556 comiter
1270 3498 1422 3555 mihi
1474 3496 1867 3556 traderentur.
1967 3496 2195 3553 Deinde

166 3588 504 3662 gratissimo
567 3586 850 3662 profiteor
905 3588 1102 3645 animo
1115 3631 1130 3661 ,
1195 3588 1490 3661 quantum
1542 3584 1789 3643 debeam
1843 3583 2197 3640 liberalitati

271 3695 444 3734 Donati
472 3705 632 3735 comm.
661 3705 758 3737 rec.
779 3694 1061 3735 Wessner.
1732 3680 1770 3732 d
