2669 3938
388 175 523 240 376
1008 173 1289 229 DONATI
1325 172 1797 229 COMMENTVM

392 326 605 428 lariter
677 326 924 402 diceret,
1008 329 1164 386 esset
1236 321 1699 403 ὁμοιοτέλευτονε
1789 324 2020 399 littera,
2100 325 2421 402 palaestra,

394 433 639 475 musica.

219 518 356 573 477
533 506 626 572 24
684 531 847 579 QVAE
902 530 1161 572 nmnnos
1215 530 1392 572 sonu:
1438 530 1690 579 Anovvn
1736 530 1851 571 nsi·
1895 513 1989 571 his
2033 512 2206 572 liberi
2248 514 2423 590 pueri

393 602 625 662 artibus
654 602 1092 662 erudiebantur.
1145 606 1207 662 et
1234 605 1325 661 est
1351 602 1543 680 figura
1571 599 1852 678 ἕλλειψις;
1883 602 2049 662 deest
2076 602 2233 662 enim
2260 596 2420 662 ‘his'.

219 704 357 761 478
532 694 622 760 25
687 706 716 760 1
777 718 1269 759 Anvnnscmvrnu
1324 718 1687 759 somna-mu
1739 719 1798 757 n.
1836 701 2155 759 incertum:
2217 703 2424 760 utrum

395 785 565 850 ‘haec
639 785 981 864 sollertem',
1052 794 1123 848 ut
1184 789 1472 849 Horatius
1538 781 1611 870 (c.
1649 790 1775 848 III
1809 791 1868 858 8,
1912 781 1978 871 5)
2044 785 2238 849 ‘docte
2301 808 2422 849 ser-

393 898 596 938 mones
650 880 962 955 utriusque
1017 873 1299 956 ling-uae',
1375 898 1451 936 an
1510 878 1929 938 assumendum
1985 882 2075 938 est
2129 873 2269 938 ‘his’
2326 898 2422 938 ex-

392 966 727 1028 trinsecus?
865 971 903 1026 2
951 981 1314 1027 sonnnn‘rnu
1352 967 1518 1027 deest
1554 962 1710 1027 ‘his'.
1848 970 1885 1026 3
1935 967 2209 1028 Sollers
2251 963 2426 1044 quasi

393 1061 562 1117 totus
618 1077 688 1115 ex
744 1060 872 1116 arte
928 1056 1278 1132 consistens,
1333 1060 1404 1115 ut
1459 1054 1592 1128 ὅλος
1646 1053 1711 1116 ἐν
1760 1052 1961 1141 ἀρετῇ,
2018 1057 2176 1133 quod
2219 1056 2425 1116 Latini

397 1164 428 1205 s
484 1146 688 1208 littera
739 1164 849 1222 pro
903 1165 948 1204 H
993 1146 1188 1205 solus
1235 1146 1306 1204 in
1355 1148 1525 1205 arte.
1617 1145 1754 1205 huic
1800 1147 1992 1205 iners
2038 1145 2423 1206 contrarium.
2452 1167 2504 1206 ιο

531 1237 571 1294 4
626 1236 784 1294 Nam
847 1236 1105 1295 sollers
1170 1236 1344 1311 quasi
1409 1233 1548 1312 ὅλης
1594 1231 1815 1313 ἀρετῆς
1871 1235 2094 1311 dictus,
2159 1238 2229 1294 ut
2283 1234 2425 1296 ὅλον

397 1324 653 1399 solum,
702 1323 883 1403 ἥμισυ
929 1326 1167 1399 semiS,
1213 1321 1270 1397 ἕξ
1319 1342 1438 1383 sex
1484 1323 1748 1383 dicimus.

221 1426 358 1482 479
533 1415 625 1480 26
686 1424 718 1480 1
777 1440 903 1482 noo
949 1441 1140 1481 mmm
1176 1438 1513 1481 nvuvcmm
1550 1439 1608 1480 s1
1643 1439 1798 1481 orvs
1837 1439 1974 1481 surr
2010 1441 2129 1483 vnn
2168 1439 2428 1483 somuvs

396 1511 507 1570 hoc
564 1516 637 1570 ut
694 1511 954 1570 militare
1016 1514 1132 1586 est,
1194 1511 1283 1569 ita
1342 1510 1752 1587 importunum
1808 1514 2117 1588 praesente
2171 1511 2428 1586 Thaide-3

398 1603 564 1660 extra
612 1619 790 1677 quam
834 1601 1033 1675 mileS,
1088 1600 1140 1660 si
1184 1603 1446 1675 saperet,
1491 1600 1642 1657 nihil
1689 1601 1975 1659 amatorie
2023 1603 2428 1678 contemplare
2456 1623 2507 1665 15

398 1689 620 1749 debuit.
713 1689 816 1750 sed
872 1693 931 1748 et
982 1689 1096 1748 hoc
1151 1688 1379 1748 accedit
1424 1688 1500 1747 ad
1546 1689 1672 1748 eius
1719 1689 1945 1764 odium,
2003 1693 2429 1767 praeterquam

398 1778 556 1855 quod
613 1779 735 1837 iam
787 1779 851 1837 in
907 1779 1239 1855 suspicione
1294 1780 1388 1837 est
1432 1778 1654 1837 amicae
1700 1797 1868 1854 suae,
1924 1779 2083 1855 quod
2126 1779 2431 1838 fidicinam

395 1869 590 1945 magis
620 1868 850 1945 diligat.
989 1870 1025 1925 2
1073 1868 1160 1926 Et
1182 1866 1294 1925 hoc
1320 1868 1488 1943 mire,
1517 1868 1674 1943 quod
1701 1886 1874 1927 nemo
1901 1869 2066 1945 prior
2093 1869 2431 1927 eunuchum

398 1977 525 2018 esse
584 1956 906 2017 Chaeream
970 1977 1148 2033 quam
1201 1957 1372 2016 miles
1428 1956 1703 2016 credidit:
1768 1957 1914 2017 adeo
1970 1958 2189 2022 stultus
2246 1958 2431 2017 etiam

397 2047 635 2106 nomine
704 2047 836 2124 ipso
897 2046 1243 2123 appellauit.
1336 2046 1439 2104 sed
1499 2047 1704 2106 statim
1764 2047 1945 2106 stulte
2003 2048 2174 2107 miles
2232 2047 2428 2125 primo
2456 2071 2508 2110 ιο

399 2136 731 2196 conuitium
784 2136 902 2212 ipsi
948 2135 1214 2195 eunucho
1260 2135 1434 2211 facit,
1489 2136 1551 2194 in
1599 2156 1714 2212 quo
1758 2139 1960 2213 potest
2003 2137 2126 2195 iam
2172 2138 2427 2196 amicam

543 2337 571 2385 1
622 2330 836 2386 diceret
888 2334 1036 2386 esset
1089 2349 1189 2387 om.
1240 2334 1291 2387 T
1343 2334 1378 2422 Ι
1411 2331 1832 2401 ὁμοιοτολευτον
1878 2332 1942 2401 V,
1997 2350 2248 2389 *****
2291 2333 2431 2404 Tou

399 2411 431 2458 3
477 2402 653 2457 libros
697 2405 748 2458 Τ
791 2406 799 2473 Ι
848 2404 968 2475 ns-r]
1012 2420 1080 2458 ex
1123 2405 1174 2458 T
1220 2406 1238 2473 ΙΙ
1293 2401 1378 2456 4’
1380 2402 1619 2456 'artibus
1656 2402 1690 2473 (‘
1694 2403 2000 2472 'quondam
2035 2406 2100 2458 in
2133 2422 2237 2476 my.
2275 2422 2344 2458 m.
2373 2408 2432 2473 2,

399 2503 468 2522 =
498 2476 645 2546 dett.)
691 2476 744 2528 V
807 2477 815 2545 Ι
885 2474 1249 2530 erudiebatur
1297 2492 1366 2529 ex
1411 2474 1743 2529 erudiuntur
1787 2491 1923 2531 corr.
1973 2474 2056 2529 V'
2124 2479 2132 2545 Ι
2201 2478 2434 2546 ελληψισ

399 2550 449 2617 (ε
478 2548 542 2601 in
565 2564 675 2601 ras.
706 2565 775 2602 m.
794 2550 854 2618 2)
894 2548 955 2615 V,
992 2563 1187 2603 ****
1223 2545 1324 2600 ΤΟ
1351 2548 1360 2615 Ι
1392 2544 1542 2600 enim
1589 2545 1759 2618 sssVn
1789 2553 1820 2600 5
1859 2545 2107 2601 solertem
2147 2549 2211 2616 V,
2249 2547 2434 2602 solum

403 2619 512 2674 ΤΟ
561 2621 569 2687 Ι
619 2638 672 2672 n.
718 2617 997 2672 incertum
1041 2618 1153 2673 W.
1206 2617 1475 2672 disertum
1635 2616 1848 2672 discere
1890 2619 1940 2672 T
1949 2618 2015 2687 Ο
2063 2618 2325 2674 solertem
2369 2618 2434 2673 id

398 2693 489 2744 est
526 2689 798 2744 disertum
837 2690 959 2745 dett.
994 2691 1003 2758 Ι
1035 2687 1220 2742 uirum
1252 2689 1360 2743 ΤΟ
1386 2691 1394 2758 Ι
1425 2688 1551 2744 1ιῖιο
1565 2688 1819 2743 solertem
1848 2691 1899 2743 V
1922 2694 2011 2761 (=
2040 2690 2187 2759 dett.)
2233 2691 2252 2759 ΙΙ
2297 2696 2329 2743 6
2366 2693 2436 2744 ut

397 2760 692 2833 Horatius]
729 2764 796 2815 ut
830 2761 959 2828 hol}
993 2760 1107 2828 ΤΟ,
1144 2763 1210 2814 ut
1248 2759 1474 2815 nouerit
1506 2761 1570 2813 in
1603 2777 1714 2815 ras.
1743 2760 1827 2815 V²
1854 2764 1943 2831 (=
1971 2762 2121 2831 dett.)
2148 2764 2167 2831 ΙΙ
2197 2767 2226 2816 7
2265 2762 2435 2816 adsu-

398 2833 666 2886 mendum
707 2832 758 2885 T
811 2835 821 2904 1
880 2831 1249 2887 extrinscetus
1280 2831 1327 2885 Ο
1367 2833 1395 2955 ll
1449 2837 1480 2886 9
1520 2831 1650 2886 ὀλοσ
1685 2829 1748 2887 ἐν
1785 2831 1851 2886 da
1851 2840 1979 2901 ρετῆ
2020 2833 2081 2901 V,
2131 2849 2326 2888 ****
2369 2835 2435 2902 Τ,

399 2922 502 2960 om.
536 2904 618 2974 ΟΙ
651 2904 889 2972 quod—
909 2923 963 2958 11
1010 2903 1122 2958 W.:
1179 2903 1331 2971 quod
1392 2902 1562 2957 atinis
1594 2902 1712 2957 lra-
1733 2903 1810 2956 L·
1831 2920 1903 2957 ue
1934 2905 2000 2972 Ο,
2049 2904 2200 2972 quod
2235 2903 2435 2958 latinis

398 2993 522 3050 nap
563 2977 676 3038 que
711 2976 771 3044 T,
810 2992 954 3044 quae
990 2973 1159 3028 latini
1194 2973 1280 3029 lra
1296 2991 1450 3057 ‘pro·
1471 2974 1526 3028 l·
1548 2974 1641 3028 uel
1677 2975 1730 3028 V
1767 2976 1786 3045 ΙΙ
1829 2981 1893 3028 11
1934 2974 2064 3044 ὀλῆς
2100 2974 2331 3045 ὀσρετῆσ
2367 2976 2435 3044 7,

401 3062 595 3102 ****
640 3046 740 3100 ΤΟ
795 3048 803 3116 Ι
862 3049 927 3100 ut
967 3046 1042 3099 V²
1087 3048 1244 3115 (corr.
1282 3046 1348 3100 in
1384 3047 1456 3101 ab
1504 3044 1623 3115 V²),
1660 3063 1760 3100 om.
1798 3048 1899 3102 TO
1955 3048 1962 3116 Ι
2022 3046 2154 3101 ὀλον
2190 3046 2253 3115 7,
2301 3046 2436 3102 olon

409 3118 554 3188 Tou
584 3123 649 3172 12
680 3117 947 3172 solum—
971 3115 1231 3188 dicimus]
1263 3116 1476 3172 solum·
1489 3117 1583 3172 N
1614 3119 1703 3188 (=
1723 3119 1887 3187 enim)
1917 3134 1976 3172 se
2006 3135 2102 3172 sex
2131 3134 2256 3172 sues
2286 3116 2433 3172 dixi-

399 3207 527 3270 mus
558 3190 626 3256 0,
665 3189 845 3242 solum
881 3207 955 3270 an
993 3195 1051 3243 εδ
1089 3205 1185 3242 sex
1214 3207 1278 3242 su
1308 3205 1395 3242 ses
1425 3187 1661 3242 dicimus
1697 3190 1756 3258 T,
1799 3190 1951 3257 quod
1979 3192 2067 3244 est
2092 3191 2276 3243 totum
2304 3205 2437 3244 eum

402 3260 553 3316 enim
580 3263 763 3315 totum
791 3259 1030 3314 sensisse
1060 3258 1298 3314 dicimus
1326 3261 1391 3314 in
1415 3277 1525 3315 ras.
1554 3259 1638 3313 V’
1667 3262 1755 3329 (=
1783 3262 1931 3330 dett)
1957 3262 1977 3330 ΙΙ
2007 3266 2072 3314 13
2111 3277 2174 3315 e·
2196 3279 2258 3314 s·
2280 3277 2348 3315 o·
2370 3278 2436 3315 s·

400 3350 474 3385 u·
497 3350 555 3386 s·
600 3333 686 3401 ΤΙ
720 3331 828 3385 siet
871 3333 935 3399 V,
978 3330 1054 3385 sit
1093 3332 1178 3400 ΟΙ
1208 3337 1276 3384 14
1312 3333 1378 3385 ut
1412 3348 1512 3386 om.
1547 3331 1697 3404 ΤΟΙ
1739 3331 1932 3414 (hoc)
1970 3332 2056 3386 ita
2096 3332 2242 3414 ΤΟΙΙ
2273 3337 2338 3385 16
2377 3336 2441 3388 et

401 3420 504 3458 om
549 3402 655 3456 ΤΟ
678 3335 721 3471 ΙΙΙ
778 3409 843 3457 18
888 3401 1079 3472 diligit
1219 3405 1228 3470 Ι
1285 3401 1377 3472 Et]
1420 3404 1484 3455 ut
1514 3403 1564 3456 T
1611 3406 1619 3473 Ι
1668 3335 1852 3472 priore
1884 3404 2066 3473 01119
2108 3402 2320 3458 cdiebit
2353 3404 2434 3485 ΤΙ

321 3510 326 3515 -
404 3473 572 3542 adeo]
621 3473 692 3525 ab
740 3489 804 3527 eo
850 3473 952 3527 ΤΟ
1001 3477 1019 3542 ΙΙ
1075 3479 1143 3526 20
1182 3472 1588 3543 appellauisset
1633 3474 1794 3543 (isset
1834 3492 1901 3530 ex
1946 3492 2084 3530 corr.
2128 3475 2200 3545 Ο)
2237 3474 2440 3530 statim

401 3542 578 3609 codd,
616 3559 751 3596 corr.
782 3544 961 3612 Steph.
