2669 3938
344 196 472 252 VIII
1130 191 1556 247 PRAEFATIO.

348 337 599 393 codicem
636 336 772 392 olim
807 339 1026 406 partem
1061 335 1235 389 fuisse
1273 333 1562 404 amplioris
1600 332 1920 404 voluminiS,
1959 334 2116 390 cuius
2152 336 2363 406 priores

347 415 414 462 25
443 408 837 478 quaterniones
865 407 981 461 iam
1007 424 1120 461 non
1148 408 1389 461 exstant.
1445 404 1665 459 Folium
1692 404 1952 460 ultimum
1980 410 2090 476 (56)
2118 407 2366 463 excisum

345 483 448 536 est.
525 479 773 549 Scriptus
813 482 899 534 est
935 479 1007 533 ab
1046 495 1160 533 una
1193 495 1365 532 manu
1401 479 1572 544 totus,
1608 475 1721 530 nisi
1748 477 1898 544 quod
1927 477 2022 532 fol.
2054 484 2145 533 53r
2172 496 2363 534 versus

347 557 554 606 24—27
601 550 663 606 in
706 550 951 633 pessima
997 550 1323 604 membrana
1370 548 1443 602 ab
1490 547 1606 602 alia
1649 565 1820 602 manu
1858 565 2066 604 coaeva
2103 549 2365 605 videntur

346 639 466 677 esse
494 622 750 678 confecti.
787 620 1073 676 Librarius
1100 620 1222 690 ipse
1251 618 1516 687 codicem,
1546 635 1942 688 saepenumero
1963 620 2192 676 cultello
2213 640 2362 692 usus,

347 710 415 748 ex
444 694 746 763 archetypo
768 691 1022 762 correxit,
1051 709 1177 747 raro
1195 689 1414 746 variam
1431 689 1729 745 lectionem
1749 689 1869 744 sine
1888 691 2059 746 dubio
2079 708 2147 746 ex
2166 694 2364 749 eodem

344 764 501 819 fonte
536 763 777 834 petitam
813 779 982 834 supra
1009 780 1225 818 versum
1253 761 1493 829 addidit,
1530 761 1872 830 paucissima
1896 762 1957 816 in
1982 763 2237 833 margine
2265 766 2363 819 ad·-

345 836 586 905 scripsit.
667 835 755 890 Ab
810 836 918 889 hac
965 833 1185 889 librarii
1230 850 1401 887 manu
1447 831 1605 886 facili
1650 849 1821 902 opera
1867 832 2202 889 discernitur
2247 835 2363 891 alia

336 923 534 961 recens
573 924 615 961 s.
645 907 798 976 XVI,
847 923 1015 976 quam
1063 921 1182 960 esse
1228 904 1382 959 Petri
1427 903 1677 958 Danielis
1715 904 2029 974 Aureliani,
2076 907 2151 960 ad
2195 925 2363 976 quem

350 977 486 1032 olim
521 977 614 1032 hic
650 977 794 1032 liber
828 977 1164 1048 pertinebat,
1202 993 1302 1031 suo
1331 975 1452 1030 iure
1480 975 1684 1029 statuit
1710 975 2008 1044 Dziatzk03
2045 977 2143 1033 ille
2171 981 2361 1033 autem

343 1066 510 1119 saepe
555 1051 770 1104 textum
818 1048 1081 1116 correxit,
1129 1047 1478 1101 coniecturas
1521 1046 1820 1101 nonnullas
1865 1046 1927 1101 in
1971 1048 2223 1117 margine
2262 1051 2362 1104 ad·

343 1117 2361 1260 2333&{iffi-15afflet-{31{²335¹a533530¹320ss¹23d3¹3e351¹22333

345 1262 405 1331 (Ι.
436 1263 502 1316 A.
531 1261 770 1330 Thuani,
801 1261 863 1316 ni
889 1261 1076 1330 fallor)
1111 1277 1371 1315 numeros
1410 1262 1636 1314 actuum
1666 1263 1724 1315 et
1752 1277 2095 1329 scaenarum,
2131 1262 2361 1318 nomina

342 1335 635 1403 poetarum
695 1333 755 1386 in
810 1335 1122 1387 commento
1185 1331 1547 1385 laudatorum
1611 1330 1731 1386 sim.
1798 1331 2020 1386 addidit
2079 1350 2185 1388 nec
2245 1352 2361 1389 non

346 1404 560 1459 scholia
597 1408 656 1459 et
690 1404 958 1458 lemmata
993 1402 1186 1457 multis
1223 1401 1362 1457 locis
1402 1401 1686 1470 distinxit,
1733 1402 1839 1456 hac
1875 1402 1936 1456 in
1970 1420 2030 1458 re
2066 1403 2361 1459 librarium

343 1478 562 1544 secuta,
611 1474 709 1544 qui
753 1474 813 1530 in
863 1475 1143 1545 prioribus
1185 1481 1249 1528 13
1286 1472 1511 1556 paginis
1549 1489 1789 1543 semper,
1840 1473 2042 1529 deinde
2079 1476 2359 1532 rarissime

345 1547 418 1601 ad
466 1546 866 1616 distinguenda
912 1545 1136 1615 singula
1182 1547 1372 1615 capita
1408 1544 1499 1599 vel
1536 1543 1786 1615 singulas
1824 1562 2056 1600 scaenas
2093 1565 2360 1618 paragra-

342 1617 517 1688 phum
554 1621 639 1688 (Γ)
684 1617 889 1687 posuit.
961 1617 1118 1671 Idem
1161 1616 1341 1686 primo
1383 1615 1500 1671 fere
1536 1615 1865 1671 lemmatum
1899 1618 2200 1688 vocabulo,
2248 1637 2358 1688 quo

341 1688 541 1743 melius
595 1688 821 1743 initium
865 1688 998 1744 novi
1044 1687 1244 1743 scholii
1289 1690 1739 1758 cognosceretur,
1786 1688 2010 1758 signum
2058 1695 2088 1743 Ε,
2108 1695 2138 1743 ‘³
2190 1690 2282 1745 vel
2320 1696 2353 1744 S

344 1759 752 1829 superscripsit,
791 1777 900 1828 quo
939 1761 1099 1830 signo
1135 1759 1197 1813 in
1224 1759 1353 1814 aliis
1382 1775 1603 1827 quoque
1632 1759 1970 1814 scholiorum
1998 1761 2156 1816 libris
2185 1763 2360 1831 (velut

341 1831 403 1884 in
449 1832 568 1885 cod.
616 1831 838 1886 Horatii
882 1830 1238 1886 Dessaviensi
1276 1833 1332 1886 A
1380 1848 1420 1884 s.
1459 1831 1530 1899 X)
1576 1830 1792 1886 scholia
1837 1830 2114 1903 distingui
2159 1833 2357 1888 solent.

344 1901 500 1967 Quae
545 1902 708 1974 signa
754 1919 822 1957 ex
868 1919 933 1958 eo
969 1902 1142 1971 libro,
1189 1902 1337 1956 unde
1374 1900 1659 1956 Parisinus
1696 1906 2040 1974 propagatus
2080 1907 2190 1973 est,
2237 1922 2358 1960 esse

341 1975 683 2044 transcripta
735 1975 868 2030 inde
923 1977 1182 2045 apparet,
1239 1974 1390 2043 quod
1435 1990 1548 2028 non
1595 1991 1812 2044 semper
1856 1992 1957 2030 suo
2004 1976 2127 2031 loco
2173 1977 2359 2047 posita

341 2048 491 2100 sunt.
565 2046 864 2101 Praeterea
907 2046 969 2100 in
1005 2049 1060 2102 A
1107 2044 1493 2115 distinguendi
1543 2045 1630 2100 vel
1668 2045 2159 2117 subdistinguendi
2196 2048 2360 2119 signa

340 2117 602 2172 adhibita
657 2120 786 2172 sunt
839 2118 1004 2173 haec:
1072 2149 1089 2167 .
1157 2133 1178 2185 3
1221 2119 1284 2187 ς]
1343 2149 1408 2156 -
1465 2116 1855 2187 Compluribus
1901 2117 2039 2172 locis
2094 2119 2356 2174 librarius

339 2187 604 2243 lacunam
646 2188 901 2258 reliquit,
950 2188 1068 2243 sive
1114 2189 1266 2257 quod
1313 2205 1438 2242 eam
1477 2187 1539 2241 in
1575 2188 1879 2258 archetypo
1916 2188 2030 2243 iam
2067 2189 2360 2246 invenerat

344 2258 461 2313 sive
500 2260 651 2328 quod
689 2260 825 2328 quid
861 2259 924 2314 in
958 2259 1057 2314 illo
1097 2261 1386 2315 exaratum
1424 2263 1572 2314 esset
1609 2258 1933 2329 dignoscere
1968 2277 2082 2314 non
2116 2263 2355 2330 poterat.

340 2330 485 2384 Eum
511 2330 721 2385 librum
748 2347 816 2385 ex
844 2347 955 2400 quo
976 2334 1031 2386 A
1051 2330 1362 2400 descriptus
1392 2333 1478 2384 est
1503 2330 1831 2385 minusculis
1859 2330 2063 2385 litteris
2087 2331 2358 2401 scriptum

340 2401 517 2457 fuisse
555 2402 758 2457 docent
792 2402 941 2456 inter
969 2419 1028 2456 se
1067 2404 1443 2456 commutatae
1480 2400 1705 2456 litterae
1735 2420 1875 2469 cvr,
1913 2402 1942 2454 f
1954 2402 1993 2469 s,
2033 2402 2088 2458 ol
2117 2403 2170 2471 d,
2208 2420 2262 2457 οι
2293 2405 2357 2473 d;

340 2474 583 2527 eundem
619 2476 809 2528 autem
847 2473 1096 2528 codicem
1133 2473 1205 2527 ad
1242 2472 1449 2526 librum
1476 2472 1801 2527 maiusculis
1830 2473 2038 2528 litteris
2066 2477 2359 2529 exaratum

341 2561 524 2618 redire
551 2561 875 2618 testimonio
895 2564 1027 2617 sunt
1044 2561 1209 2617 talia:
1242 2549 1609 2629 ΝῖὰειωΜὰ,
1649 2563 2360 2621 ὰπωοιωπειεῦειεΛ-

339 2653 540 2721 ΛΙΥΙΟ,
598 2651 1441 2721 ΔΒΙΝὰΕΤΟΟΕΤΕΛΛΕΙΨἾΟ,
1503 2651 2360 2720 eyOhaucmocaNsslQUorU

333 2723 722 2791 PR0N1Ch¹L3
762 2725 940 2777 ΝΙΗΙΙ.
979 2722 1287 2777 PRORSUS
1311 2754 1340 2789 -,
1380 2721 1501 2777 sim.
1575 2723 1626 2775 Is
1674 2722 1822 2777 enim
1858 2723 1957 2791 qui
1994 2726 2360 2797 archetypum

343 2793 698 2864 transcripsit
742 2811 855 2849 non
898 2793 1232 2864 intellegens
1278 2792 1484 2847 Latina
1527 2794 1804 2848 vocabula
1841 2794 2067 2850 Graecis
2106 2798 2359 2854 admixta

345 2881 464 2919 esse
503 2865 692 2920 omnia
729 2864 808 2920 eis
847 2865 1262 2920 characteribus
1300 2864 1566 2933 reddidit,
1604 2864 1805 2933 quibus
1846 2865 2019 2921 etiam
2055 2867 2115 2922 in
2154 2869 2355 2925 codici-

345 2935 451 2989 bus
487 2936 834 2992 minusculae
870 2936 1223 2991 litteraturae
1259 2936 1538 2991 vocabula
1566 2935 1781 2990 Graeca
1806 2937 1956 2991 tradi
1984 2939 2256 2994 solebant.
2289 2974 2356 2981 —-

345 3004 504 3071 Quod
559 3008 632 3062 ad
689 3008 1146 3078 orthographiam
1202 3007 1435 3074 attinet,
1489 3007 1752 3061 librarius
1798 3008 2026 3064 minime
2073 3010 2182 3066 sibi
2229 3029 2357 3066 con·

344 3077 518 3133 stitit:
565 3078 772 3134 etenim
807 3080 959 3134 haud
994 3081 1052 3133 et
1086 3081 1247 3145 haut,
1292 3080 1445 3148 apud
1481 3081 1539 3132 et
1573 3086 1735 3147 aput,
1771 3082 2068 3137 maleuolus
2104 3086 2163 3137 et
2195 3085 2358 3137 mali-

343 3151 521 3217 uolus,
555 3154 711 3221 ueryi
747 3154 805 3205 et
839 3153 1006 3222 uiryi,
1044 3150 1246 3205 deinde
1283 3152 1388 3217 aff·
1427 3153 1484 3203 et
1520 3150 1664 3216 adfl,
1701 3167 1813 3205 ass-
1852 3153 1909 3204 et
1944 3154 2087 3218 ads-‚
2124 3155 2261 3223 imp-
2299 3156 2357 3208 et

344 3221 488 3288 inp„
522 3237 626 3275 nec
661 3239 773 3277 non
810 3240 874 3276 ae
907 3240 934 3296 ς
969 3240 1020 3288 e,
1057 3239 1117 3277 oe
1152 3240 1203 3287 e,
1241 3222 1264 3274 i
1299 3239 1354 3291 y,
1391 3222 1427 3287 f
1453 3223 1527 3289 ph
1563 3220 1682 3275 sim.
1721 3222 2034 3290 promiscue
2066 3224 2355 3293 leguntur;

346 3291 640 3347 sollemnes
678 3293 986 3362 scripturae
1025 3295 1154 3347 sunt
1190 3294 1378 3358 michi,
1414 3293 1602 3358 nichil,
1638 3293 1973 3360 habundare,
2011 3297 2356 3365 condempnO,

346 3361 508 3417 aliae.
548 3396 616 3404 —
652 3364 832 3419 Valde
870 3364 1171 3418 dolendum
1209 3365 1310 3433 est,
1349 3364 1502 3431 quod
1538 3363 1657 3417 cod.
1689 3366 1760 3432 A,
1799 3364 1896 3432 qui
1932 3367 1997 3418 ut
2033 3365 2356 3434 antiquissi-

344 3451 468 3488 mus
505 3434 589 3489 ita
626 3435 867 3504 optimus
904 3436 1018 3489 fere
1056 3434 1303 3489 omnium
1341 3436 1443 3503 est,
1479 3451 1592 3488 non
1625 3437 1808 3489 totum
1847 3438 2218 3491 commentum
2256 3439 2356 3492 sed

347 3508 605 3573 quartam
650 3507 1037 3561 tantummodo
1081 3508 1300 3576 partem
1355 3505 1631 3561 continet:
1682 3505 1778 3560 fol.
1812 3512 1999 3560 1¹—2u
2043 3507 2216 3563 vitam
2251 3509 2357 3565 Te-

347 3576 509 3645 renti,
546 3577 642 3633 fol.
666 3585 856 3633 20—6‘
873 3580 1147 3633 tractatus
1178 3578 1247 3633 de
1276 3577 1582 3644 comoedia,
1620 3576 1715 3631 fol.
1739 3583 1957 3631 δι’-511·
1985 3584 2358 3636 commentum
