2669 3938
358 251 435 306 IV
1153 246 1580 302 PRAEFATIO.

363 401 614 460 aliorum
632 400 918 459 librorum
933 417 1066 459 mss
1083 399 1363 458 notitiam
1377 398 1492 458 sibi
1502 400 1755 475 paravit.
1798 397 1911 457 Sed
1926 398 2238 474 quominus
2254 418 2381 456 rem

361 491 710 564 absolveret,
732 490 858 547 fata
886 489 1093 563 iniqua
1115 487 1564 564 impediverunt.
1594 520 1668 528 —
1692 487 1867 546 Anno
1892 487 2061 547 1860
2086 481 2380 546 ‘Suetonii

362 579 698 654 Tranquilli
714 580 951 656 praeter
970 575 1288 636 Caesarum
1304 578 1487 636 libros
1507 570 1818 652 reliquiae'
1836 575 2201 652 prodierunt,
2232 595 2379 651 quas

360 669 684 746 collegerat
701 667 772 726 A.
784 666 1226 726 Reifferscheid:
1247 665 1495 725 Suetoni
1512 665 1699 725 vitam
1715 665 1971 739 Terenti,
1992 683 2141 740 quae
2155 665 2379 724 Donati

361 759 690 816 commento
711 756 974 832 praefixa
996 758 1101 832 est,
1131 755 1317 814 edidit
1330 755 1741 813 Fridericus
1761 754 2042 813 Ritschl
2058 746 2141 835 (p.
2159 757 2237 814 26
2252 773 2377 830 sqq.

363 849 423 904 et
467 847 592 905 481
608 864 733 920 sqq.
764 869 848 893 =--
880 842 1092 920 Opusc.
1138 844 1232 902 III
1262 845 1389 904 204
1402 835 1558 924 sqq.)
1620 846 1797 919 atque
1855 843 2008 901 hanc
2062 842 2381 902 editionem

363 935 598 1013 egregio
651 935 757 992 illo
812 933 1235 993 commentario
1286 933 1594 1008 instruxit,
1648 932 1712 989 in
1759 950 1875 1007 quo
1921 950 2040 990 non
2086 931 2260 990 modo
2307 932 2379 991 de

358 1026 493 1101 ipsa
537 1024 664 1082 vita
710 1025 771 1082 et
815 1023 886 1082 de
933 1041 1200 1081 sermone
1247 1020 1629 1096 Suetoniano,
1674 1041 1877 1081 verum
1926 1022 2106 1079 etiam
2151 1021 2223 1080 de
2258 1020 2379 1079 Do—

365 1115 496 1171 nati
568 1111 864 1171 codicibus
934 1111 1351 1186 veteribusque
1424 1110 1781 1169 editionibus
1853 1110 2145 1169 disseruit.
2265 1108 2385 1178 Qui

362 1221 543 1277 quam
579 1201 879 1278 praeclare
915 1200 1137 1274 dehac
1173 1201 1493 1259 commenti
1527 1202 1696 1275 parte
1732 1199 1978 1258 meritus
2010 1199 2107 1273 sit,
2143 1216 2261 1257 non
2291 1202 2383 1258 est

364 1291 520 1366 quod
558 1290 906 1367 praedicem.
934 1321 1023 1365 ¹-
1052 1288 1359 1365 Schopeno
1398 1309 1448 1346 a.
1482 1290 1650 1349 1867
1689 1291 1923 1347 mortuo
1949 1287 2190 1346 heredes
2217 1288 2380 1348 illius

360 1380 604 1440 schedas
659 1379 984 1456 Augusto
1030 1377 1560 1437 Reifferscheid
1614 1377 2008 1452 tradiderant,
2065 1378 2170 1451 qui
2224 1395 2379 1436 anno

368 1470 536 1527 1868
583 1468 961 1527 universitati
1005 1467 1304 1526 Bonnensi
1361 1466 1836 1526 semisaecularia
1883 1465 2204 1525 celebranti
2251 1483 2379 1541 spe-

363 1557 553 1618 cimen
616 1575 803 1617 novae
861 1556 1137 1616 editionis
1194 1555 1515 1630 dedicavit,
1579 1555 1736 1631 quod
1789 1555 1854 1613 in
1905 1555 2208 1631 publicum
2263 1574 2381 1613 non

364 1643 602 1724 prodiit.
694 1645 888 1704 Huius
943 1646 1156 1704 titulus
1212 1647 1302 1703 est
1350 1638 1511 1703 ‘Aeli
1555 1644 1778 1703 Donati
1824 1645 1884 1703 et
1930 1644 2183 1703 aliorum
2227 1663 2382 1703 com·

364 1738 564 1794 menta
600 1736 664 1792 in
692 1734 1050 1794 Terentium.
1114 1733 1449 1793 Ludovicus
1479 1732 1818 1809 Schopenus
1857 1735 2148 1810 apparatu
2177 1733 2382 1793 critico

361 1825 661 1899 instruxit,
695 1822 1004 1900 Augustus
1041 1822 1458 1882 Reifferscheid
1493 1816 1836 1896 recensuit'3
1882 1823 2146 1881 continet
2183 1824 2383 1881 autem

363 1913 551 1973 vitam
597 1914 836 1974 Terenti
883 1915 943 1973 et
987 1912 1274 1972 Euanthii
1316 1913 1642 1971 tractatum
1687 1930 1874 1988 usque
1920 1911 1996 1969 ad
2041 1910 2103 1971 H
2134 1913 2169 1969 7
2219 1903 2381 1993 CTe—

363 2004 635 2078 rentique
683 2006 788 2062 est.
835 2002 906 2061 de
953 2021 1071 2077 qua
1117 1993 1321 2082 cum').
1393 2001 1463 2059 In
1513 2004 1807 2078 apparatu
1852 2002 2056 2060 critico
2100 2001 2383 2060 lectiones

365 2092 582 2152 codicis
610 2091 869 2151 Parisini
895 2089 956 2149 A
992 2094 1053 2149 et
1090 2090 1367 2151 editionis
1401 2090 1689 2167 principis
1718 2092 1992 2149 enotatae
2020 2091 2174 2148 sunt.
2231 2089 2384 2148 Tum

367 2199 417 2242 a.
455 2182 622 2239 1874
664 2183 724 2240 et
765 2181 932 2239 1875
981 2180 1400 2239 Reifferscheid
1444 2179 1737 2238 indicibus
1784 2179 2116 2238 scholarum
2151 2178 2384 2238 Vratis·

367 2270 729 2329 laviensibus
767 2269 913 2329 duos
942 2269 1172 2328 libellos
1202 2269 1492 2343 adiunxit,
1532 2287 1780 2343 quorum
1811 2269 1996 2327 altero
2027 2261 2384 2326 ‘Euanthius

369 2361 429 2417 et
487 2358 711 2417 Donati
775 2360 1170 2417 commentum
1233 2358 1305 2417 de
1371 2352 1716 2430 comoedia',
1779 2358 1965 2415 altero
2022 2351 2265 2415 ‘Donati
2319 2359 2383 2414 in

368 2450 699 2507 commenta
745 2447 1100 2506 Terentiana
1154 2441 1577 2524 praefationes'
1634 2445 2022 2504 continentur.
2113 2445 2202 2503 De
2249 2444 2384 2503 sub-

366 2536 532 2596 sidiis
587 2537 710 2595 suis
765 2555 955 2611 pauca
1009 2536 1313 2611 praefatus
1370 2538 1461 2594 est
1503 2535 1718 2611 prioris
1765 2535 2032 2610 opusculi
2076 2554 2132 2610 p.
2186 2536 2386 2611 1—23

367 2628 538 2685 erant
583 2628 780 2684 autem
827 2624 1030 2683 eadem
1067 2643 1218 2701 quae
1257 2623 1526 2700 Schopen
1565 2625 1952 2701 congesserat.
2025 2622 2211 2682 Paulo
2249 2628 2388 2700 post

369 2708 448 2794 (a.
521 2706 721 2794 1876)
778 2713 1196 2773 Reifferscheid
1249 2713 1586 2772 Parisinum
1630 2710 1692 2770 A
1744 2712 1961 2770 iterum
2017 2713 2272 2771 contulit
2327 2716 2390 2771 et

368 2824 418 2862 a.
463 2805 630 2862 1879
672 2802 1052 2880 Georgium
1088 2803 1435 2862 Wissowa
1481 2820 1692 2878 operae
1739 2802 1961 2859 socium
2007 2801 2121 2860 sibi
2160 2820 2387 2861 assum-

367 2894 507 2969 psit,
555 2892 659 2967 qui
703 2892 873 2950 annis
924 2892 1089 2951 1882
1142 2894 1203 2950 et
1251 2891 1419 2949 1883
1469 2890 1650 2949 libros
1696 2891 2128 2966 manuscriptos
2175 2890 2277 2965 qui
2322 2892 2388 2948 in

366 2981 579 3040 Italiae
605 2980 977 3039 bibliothecis
1006 2983 1387 3040 asservantur
1413 2979 1799 3054 perlustravit
1817 2982 2164 3056 partemque
2184 2998 2388 3038 eorum

369 3062 458 3150 (B
482 3061 653 3150 qu)
702 3070 970 3128 excussit.
1055 3068 1169 3127 Sed
1209 3088 1283 3128 ne
1320 3067 1797 3127 Reifferscheidio
1843 3067 2083 3144 quidem
2119 3068 2388 3144 contigit,

322 3230 327 3236 Ι
369 3161 437 3216 ut
474 3177 652 3233 quam
687 3158 1072 3229 incohaverat
1097 3158 1324 3218 Donati
1361 3156 1679 3216 editionem
1708 3156 1784 3215 ad
1811 3156 1988 3215 finem
2015 3157 2390 3232 perduceret:

370 3266 420 3305 a.
455 3248 620 3305 1887
669 3250 1048 3323 praematura
1084 3249 1273 3306 morte
1311 3247 1657 3322 absumptus
1696 3248 1785 3305 est
1821 3238 1924 3326 (cf.
1953 3245 2166 3303 Annal.
2195 3245 2386 3322 biogr.

367 3335 484 3394 XII
515 3330 743 3414 [1889]
778 3337 858 3395 39
872 3327 1028 3416 sqq.)
1085 3366 1169 3376 —-
1225 3335 1449 3393 Eodem
1503 3335 1625 3394 fere
1669 3338 1935 3411 tempore
1981 3352 2097 3409 quo
2144 3333 2387 3393 Reiffer-

368 3420 565 3485 scheid
610 3426 791 3484 etiam
840 3424 1135 3484 Carolus
1173 3424 1550 3498 Dziatsz,
1595 3424 1689 3482 vir
1732 3423 1803 3481 de
1841 3423 2116 3482 Terentio
2163 3424 2390 3498 optime

366 3514 640 3589 meritus,
706 3513 781 3571 ad
844 3512 1067 3573 Donati
1129 3516 1524 3572 commentum
1588 3513 1834 3571 accessit
1897 3513 1957 3570 et
2010 3512 2269 3587 primum
2324 3511 2388 3569 in

365 3603 520 3662 Mus.
575 3602 759 3661 Rhen.
807 3602 1001 3662 XXIX
1047 3593 1279 3684 (1874)
1330 3602 1633 3660 445-62
1702 3603 1762 3659 et
1819 3601 2121 3659 511—-12
2186 3593 2390 3682 (zm
