<?xml version="1.0" encoding="UTF-8"?>
<!DOCTYPE html PUBLIC "-//W3C//DTD XHTML 1.0 Transitional//EN"
    "http://www.w3.org/TR/xhtml1/DTD/xhtml1-transitional.dtd">
<html xmlns="http://www.w3.org/1999/xhtml" xml:lang="en" lang="en">
 <head>
  <title>
</title>
<meta http-equiv="Content-Type" content="text/html;charset=utf-8" />
  <meta name='ocr-system' content='tesseract 3.04.00' />
  <meta name='ocr-capabilities' content='ocr_page ocr_carea ocr_par ocr_line ocrx_word'/>
</head>
<body>
  <div class='ocr_page' id='page_1' title='image "./aelidonatiquodf00donagoog_0034.png"; bbox 0 0 2669 3938; ppageno 0'>
   <div class='ocr_carea' id='block_1_1' title="bbox 374 222 1597 280">
    <p class='ocr_par' dir='ltr' id='par_1_1' title="bbox 374 222 1597 280">
     <span class='ocr_line' id='line_1_1' title="bbox 374 222 1597 280; baseline 0.002 -3"><span class='ocrx_word' id='word_1_1' title='bbox 374 223 605 278; x_wconf 87' lang='lat' dir='ltr'>XXVIII</span> <span class='ocrx_word' id='word_1_2' title='bbox 1171 222 1597 280; x_wconf 82' lang='lat' dir='ltr'>PRAEFATIO.</span> 
     </span>
    </p>
   </div>
   <div class='ocr_carea' id='block_1_2' title="bbox 367 375 2407 3658">
    <p class='ocr_par' dir='ltr' id='par_1_2' title="bbox 371 375 2407 1877">
     <span class='ocr_line' id='line_1_2' title="bbox 374 375 2405 453; baseline 0 -19"><span class='ocrx_word' id='word_1_3' title='bbox 374 378 531 435; x_wconf 92' lang='lat' dir='ltr'><strong>sicut</strong></span> <span class='ocrx_word' id='word_1_4' title='bbox 555 377 619 433; x_wconf 91' lang='lat' dir='ltr'><strong>in</strong></span> <span class='ocrx_word' id='word_1_5' title='bbox 647 375 815 434; x_wconf 90' lang='lat' dir='ltr'><strong>libris</strong></span> <span class='ocrx_word' id='word_1_6' title='bbox 844 375 1230 453; x_wconf 85' lang='lat' dir='ltr'><strong>Maguntinae</strong></span> <span class='ocrx_word' id='word_1_7' title='bbox 1258 377 1585 452; x_wconf 80' lang='lat' dir='ltr'>prosapiae.</span> <span class='ocrx_word' id='word_1_8' title='bbox 1639 375 1795 434; x_wconf 90' lang='lat' dir='ltr'><strong>Hinc</strong></span> <span class='ocrx_word' id='word_1_9' title='bbox 1823 375 2078 435; x_wconf 84' lang='lat' dir='ltr'><strong>efficitur</strong></span> <span class='ocrx_word' id='word_1_10' title='bbox 2104 375 2405 437; x_wconf 73' lang='lat' dir='ltr'><strong>exstitisse</strong></span> 
     </span>
     <span class='ocr_line' id='line_1_3' title="bbox 373 464 2401 525; baseline 0 -1"><span class='ocrx_word' id='word_1_11' title='bbox 373 467 494 524; x_wconf 90' lang='lat' dir='ltr'><strong>iam</strong></span> <span class='ocrx_word' id='word_1_12' title='bbox 527 468 660 524; x_wconf 92' lang='lat' dir='ltr'><strong>tum</strong></span> <span class='ocrx_word' id='word_1_13' title='bbox 696 483 830 523; x_wconf 88' lang='lat' dir='ltr'><strong>cum</strong></span> <span class='ocrx_word' id='word_1_14' title='bbox 852 465 900 523; x_wconf 90' lang='grc' dir='ltr'><em>Ο</em></span> <span class='ocrx_word' id='word_1_15' title='bbox 928 464 1361 524; x_wconf 79' lang='lat' dir='ltr'><strong>describeretur</strong></span> <span class='ocrx_word' id='word_1_16' title='bbox 1381 467 1778 524; x_wconf 82' lang='lat' dir='ltr'><strong>recensionem</strong></span> <span class='ocrx_word' id='word_1_17' title='bbox 1812 466 1980 523; x_wconf 85' lang='lat' dir='ltr'><strong>illam</strong></span> <span class='ocrx_word' id='word_1_18' title='bbox 2019 466 2184 524; x_wconf 90' lang='lat' dir='ltr'><strong>cuius</strong></span> <span class='ocrx_word' id='word_1_19' title='bbox 2215 468 2401 525; x_wconf 88' lang='lat' dir='ltr'><strong>testes</strong></span> 
     </span>
     <span class='ocr_line' id='line_1_4' title="bbox 373 553 2399 630; baseline -0.001 -17"><span class='ocrx_word' id='word_1_20' title='bbox 373 558 513 613; x_wconf 88' lang='lat' dir='ltr'><strong>sunt</strong></span> <span class='ocrx_word' id='word_1_21' title='bbox 538 553 1009 628; x_wconf 85' lang='lat' dir='ltr'><strong>codicechdN,</strong></span> <span class='ocrx_word' id='word_1_22' title='bbox 1035 557 1385 629; x_wconf 76' lang='lat' dir='ltr'><strong>tantamque</strong></span> <span class='ocrx_word' id='word_1_23' title='bbox 1412 554 1595 612; x_wconf 90' lang='lat' dir='ltr'><strong>fuisse</strong></span> <span class='ocrx_word' id='word_1_24' title='bbox 1622 554 1743 613; x_wconf 90' lang='lat' dir='ltr'><strong>illis</strong></span> <span class='ocrx_word' id='word_1_25' title='bbox 1762 554 2125 630; x_wconf 87' lang='lat' dir='ltr'><strong>temporibus</strong></span> <span class='ocrx_word' id='word_1_26' title='bbox 2146 555 2399 613; x_wconf 89' lang='lat' dir='ltr'><strong>auctori—</strong></span> 
     </span>
     <span class='ocr_line' id='line_1_5' title="bbox 372 644 2401 719; baseline 0 -17"><span class='ocrx_word' id='word_1_27' title='bbox 372 646 563 702; x_wconf 88' lang='lat' dir='ltr'><strong>tatem</strong></span> <span class='ocrx_word' id='word_1_28' title='bbox 608 644 760 718; x_wconf 90' lang='lat' dir='ltr'><strong>eius,</strong></span> <span class='ocrx_word' id='word_1_29' title='bbox 807 645 877 701; x_wconf 92' lang='lat' dir='ltr'><strong>ut</strong></span> <span class='ocrx_word' id='word_1_30' title='bbox 919 644 1239 718; x_wconf 86' lang='lat' dir='ltr'><strong>pristinam</strong></span> <span class='ocrx_word' id='word_1_31' title='bbox 1281 645 1482 702; x_wconf 84' lang='lat' dir='ltr'><strong>textus</strong></span> <span class='ocrx_word' id='word_1_32' title='bbox 1527 644 1782 702; x_wconf 89' lang='lat' dir='ltr'><strong>formam</strong></span> <span class='ocrx_word' id='word_1_33' title='bbox 1824 645 2119 719; x_wconf 90' lang='lat' dir='ltr'><strong>paulatim</strong></span> <span class='ocrx_word' id='word_1_34' title='bbox 2165 644 2401 702; x_wconf 92' lang='lat' dir='ltr'><strong>submo-</strong></span> 
     </span>
     <span class='ocr_line' id='line_1_6' title="bbox 374 731 2402 808; baseline -0 -16"><span class='ocrx_word' id='word_1_35' title='bbox 374 734 543 792; x_wconf 83' lang='lat' dir='ltr'><strong>verit.</strong></span> <span class='ocrx_word' id='word_1_36' title='bbox 617 731 788 801; x_wconf 85' lang='lat' dir='ltr'><strong>Quod</strong></span> <span class='ocrx_word' id='word_1_37' title='bbox 829 733 1247 807; x_wconf 89' lang='lat' dir='ltr'><strong>comprobatur</strong></span> <span class='ocrx_word' id='word_1_38' title='bbox 1282 732 1549 808; x_wconf 81' lang='lat' dir='ltr'><strong>exemplo</strong></span> <span class='ocrx_word' id='word_1_39' title='bbox 1589 731 1804 792; x_wconf 87' lang='lat' dir='ltr'><strong>codicis</strong></span> <span class='ocrx_word' id='word_1_40' title='bbox 1840 734 1919 791; x_wconf 91' lang='lat' dir='ltr'><strong>D.</strong></span> <span class='ocrx_word' id='word_1_41' title='bbox 1991 732 2107 791; x_wconf 90' lang='lat' dir='ltr'><strong>Hic</strong></span> <span class='ocrx_word' id='word_1_42' title='bbox 2146 750 2402 808; x_wconf 90' lang='lat' dir='ltr'><strong>quoque,</strong></span> 
     </span>
     <span class='ocr_line' id='line_1_7' title="bbox 375 821 2397 897; baseline -0 -17"><span class='ocrx_word' id='word_1_43' title='bbox 375 840 507 880; x_wconf 90' lang='lat' dir='ltr'><strong>cum</strong></span> <span class='ocrx_word' id='word_1_44' title='bbox 551 823 616 879; x_wconf 92' lang='lat' dir='ltr'><strong>in</strong></span> <span class='ocrx_word' id='word_1_45' title='bbox 663 822 788 880; x_wconf 90' lang='lat' dir='ltr'><strong>eius</strong></span> <span class='ocrx_word' id='word_1_46' title='bbox 836 821 1155 897; x_wconf 83' lang='lat' dir='ltr'><strong>archetypo</strong></span> <span class='ocrx_word' id='word_1_47' title='bbox 1203 825 1264 880; x_wconf 87' lang='lat' dir='ltr'><strong>et</strong></span> <span class='ocrx_word' id='word_1_48' title='bbox 1298 821 1568 897; x_wconf 78' lang='lat' dir='ltr'><strong>Hecyrae</strong></span> <span class='ocrx_word' id='word_1_49' title='bbox 1614 824 2009 880; x_wconf 91' lang='lat' dir='ltr'><strong>commentum</strong></span> <span class='ocrx_word' id='word_1_50' title='bbox 2050 822 2397 880; x_wconf 82' lang='lat' dir='ltr'><strong>lacunosum</strong></span> 
     </span>
     <span class='ocr_line' id='line_1_8' title="bbox 382 910 2407 986; baseline 0 -18"><span class='ocrx_word' id='word_1_51' title='bbox 382 943 458 951; x_wconf 89' lang='lat'><strong>-—</strong></span> <span class='ocrx_word' id='word_1_52' title='bbox 510 929 689 985; x_wconf 91' lang='lat' dir='ltr'><strong>quam</strong></span> <span class='ocrx_word' id='word_1_53' title='bbox 743 911 1019 969; x_wconf 78' lang='lat' dir='ltr'><strong>lacunam</strong></span> <span class='ocrx_word' id='word_1_54' title='bbox 1074 910 1343 969; x_wconf 86' lang='lat' dir='ltr'><strong>adhibito</strong></span> <span class='ocrx_word' id='word_1_55' title='bbox 1400 910 1598 969; x_wconf 86' lang='lat' dir='ltr'><strong>codice</strong></span> <span class='ocrx_word' id='word_1_56' title='bbox 1655 910 1910 986; x_wconf 87' lang='lat' dir='ltr'><strong>quodam</strong></span> <span class='ocrx_word' id='word_1_57' title='bbox 1964 911 2159 986; x_wconf 88' lang='lat' dir='ltr'><strong>qualis</strong></span> <span class='ocrx_word' id='word_1_58' title='bbox 2206 913 2297 969; x_wconf 89' lang='lat' dir='ltr'><strong>est</strong></span> <span class='ocrx_word' id='word_1_59' title='bbox 2339 912 2407 968; x_wconf 78' lang='lat' dir='ltr'><em>F</em></span> 
     </span>
     <span class='ocr_line' id='line_1_9' title="bbox 374 998 2395 1077; baseline -0.001 -18"><span class='ocrx_word' id='word_1_60' title='bbox 374 1000 670 1077; x_wconf 84' lang='lat' dir='ltr'><strong>expletam</strong></span> <span class='ocrx_word' id='word_1_61' title='bbox 714 1017 841 1058; x_wconf 90' lang='lat' dir='ltr'><strong>esse</strong></span> <span class='ocrx_word' id='word_1_62' title='bbox 886 999 1060 1058; x_wconf 88' lang='lat' dir='ltr'><strong>facile</strong></span> <span class='ocrx_word' id='word_1_63' title='bbox 1109 1003 1360 1077; x_wconf 90' lang='lat' dir='ltr'><strong>apparet</strong></span> <span class='ocrx_word' id='word_1_64' title='bbox 1389 1031 1471 1040; x_wconf 89' lang='lat'>—</span> <span class='ocrx_word' id='word_1_65' title='bbox 1512 1002 1571 1058; x_wconf 90' lang='lat' dir='ltr'><strong>et</strong></span> <span class='ocrx_word' id='word_1_66' title='bbox 1616 1000 1842 1059; x_wconf 90' lang='lat' dir='ltr'><strong>scholia</strong></span> <span class='ocrx_word' id='word_1_67' title='bbox 1886 999 1962 1058; x_wconf 91' lang='lat' dir='ltr'><strong>ad</strong></span> <span class='ocrx_word' id='word_1_68' title='bbox 2004 999 2235 1057; x_wconf 90' lang='lat' dir='ltr'><strong>Phorm.</strong></span> <span class='ocrx_word' id='word_1_69' title='bbox 2264 998 2326 1057; x_wconf 89' lang='lat' dir='ltr'>H</span> <span class='ocrx_word' id='word_1_70' title='bbox 2356 1000 2395 1057; x_wconf 89' lang='lat'><strong>3</strong></span> 
     </span>
     <span class='ocr_line' id='line_1_10' title="bbox 373 1088 2399 1164; baseline -0.001 -17"><span class='ocrx_word' id='word_1_71' title='bbox 373 1090 633 1149; x_wconf 89' lang='lat' dir='ltr'><strong>nondum</strong></span> <span class='ocrx_word' id='word_1_72' title='bbox 679 1090 744 1146; x_wconf 91' lang='lat' dir='ltr'><strong>in</strong></span> <span class='ocrx_word' id='word_1_73' title='bbox 780 1108 964 1147; x_wconf 91' lang='lat' dir='ltr'><strong>unum</strong></span> <span class='ocrx_word' id='word_1_74' title='bbox 1001 1090 1245 1148; x_wconf 86' lang='lat' dir='ltr'><strong>confusa</strong></span> <span class='ocrx_word' id='word_1_75' title='bbox 1281 1089 1521 1164; x_wconf 87' lang='lat' dir='ltr'><strong>fuerint,</strong></span> <span class='ocrx_word' id='word_1_76' title='bbox 1570 1088 1644 1147; x_wconf 90' lang='lat' dir='ltr'><strong>ad</strong></span> <span class='ocrx_word' id='word_1_77' title='bbox 1682 1088 1932 1147; x_wconf 90' lang='lat' dir='ltr'><strong>eundem</strong></span> <span class='ocrx_word' id='word_1_78' title='bbox 1967 1088 2193 1147; x_wconf 86' lang='lat' dir='ltr'><strong>fontem</strong></span> <span class='ocrx_word' id='word_1_79' title='bbox 2228 1107 2399 1146; x_wconf 85' lang='lat' dir='ltr'><strong>revo-</strong></span> 
     </span>
     <span class='ocr_line' id='line_1_11' title="bbox 375 1177 2396 1253; baseline -0.001 -16"><span class='ocrx_word' id='word_1_80' title='bbox 375 1179 597 1238; x_wconf 88' lang='lat' dir='ltr'><strong>candus</strong></span> <span class='ocrx_word' id='word_1_81' title='bbox 645 1179 751 1253; x_wconf 89' lang='lat' dir='ltr'><strong>est,</strong></span> <span class='ocrx_word' id='word_1_82' title='bbox 797 1197 866 1236; x_wconf 85' lang='lat' dir='ltr'><strong>ex</strong></span> <span class='ocrx_word' id='word_1_83' title='bbox 914 1196 1030 1253; x_wconf 92' lang='lat' dir='ltr'><strong>quo</strong></span> <span class='ocrx_word' id='word_1_84' title='bbox 1081 1177 1297 1237; x_wconf 73' lang='lat' dir='ltr'><strong>Oa‘mn</strong></span> <span class='ocrx_word' id='word_1_85' title='bbox 1341 1177 1651 1236; x_wconf 85' lang='lat' dir='ltr'><strong>fluxerunt.</strong></span> <span class='ocrx_word' id='word_1_86' title='bbox 1724 1177 1890 1237; x_wconf 91' lang='lat' dir='ltr'><strong>Idem</strong></span> <span class='ocrx_word' id='word_1_87' title='bbox 1925 1177 1988 1234; x_wconf 91' lang='lat' dir='ltr'><strong><em>D</em></strong></span> <span class='ocrx_word' id='word_1_88' title='bbox 2035 1195 2396 1253; x_wconf 88' lang='lat' dir='ltr'><strong>quamquam</strong></span> 
     </span>
     <span class='ocr_line' id='line_1_12' title="bbox 371 1266 2397 1340; baseline -0.001 -15"><span class='ocrx_word' id='word_1_89' title='bbox 371 1270 435 1325; x_wconf 92' lang='lat' dir='ltr'><strong>in</strong></span> <span class='ocrx_word' id='word_1_90' title='bbox 480 1270 822 1326; x_wconf 85' lang='lat' dir='ltr'><strong>universum</strong></span> <span class='ocrx_word' id='word_1_91' title='bbox 869 1284 1002 1324; x_wconf 91' lang='lat' dir='ltr'><strong>cum</strong></span> <span class='ocrx_word' id='word_1_92' title='bbox 1046 1267 1214 1326; x_wconf 88' lang='lat' dir='ltr'><strong>libris</strong></span> <span class='ocrx_word' id='word_1_93' title='bbox 1249 1266 1480 1326; x_wconf 65' lang='lat' dir='ltr'><strong>12ch</strong></span> <span class='ocrx_word' id='word_1_94' title='bbox 1507 1267 1636 1326; x_wconf 90' lang='lat' dir='ltr'><strong>sim.</strong></span> <span class='ocrx_word' id='word_1_95' title='bbox 1683 1267 1995 1340; x_wconf 84' lang='lat' dir='ltr'><strong>consentit,</strong></span> <span class='ocrx_word' id='word_1_96' title='bbox 2039 1268 2241 1325; x_wconf 86' lang='lat' dir='ltr'><strong>tamen</strong></span> <span class='ocrx_word' id='word_1_97' title='bbox 2277 1284 2397 1325; x_wconf 90' lang='lat' dir='ltr'><strong>non</strong></span> 
     </span>
     <span class='ocr_line' id='line_1_13' title="bbox 372 1353 2398 1415; baseline -0 0"><span class='ocrx_word' id='word_1_98' title='bbox 372 1360 461 1415; x_wconf 91' lang='lat' dir='ltr'><strong>ita</strong></span> <span class='ocrx_word' id='word_1_99' title='bbox 504 1375 641 1415; x_wconf 88' lang='lat' dir='ltr'><strong>raro</strong></span> <span class='ocrx_word' id='word_1_100' title='bbox 689 1356 761 1414; x_wconf 88' lang='lat' dir='ltr'><strong>ab</strong></span> <span class='ocrx_word' id='word_1_101' title='bbox 808 1355 997 1415; x_wconf 90' lang='lat' dir='ltr'><strong>isdem</strong></span> <span class='ocrx_word' id='word_1_102' title='bbox 1042 1356 1316 1415; x_wconf 86' lang='lat' dir='ltr'><strong>dissentit</strong></span> <span class='ocrx_word' id='word_1_103' title='bbox 1362 1358 1423 1414; x_wconf 91' lang='lat' dir='ltr'><strong>et</strong></span> <span class='ocrx_word' id='word_1_104' title='bbox 1469 1356 1543 1414; x_wconf 89' lang='lat' dir='ltr'><strong>ad</strong></span> <span class='ocrx_word' id='word_1_105' title='bbox 1590 1356 1856 1415; x_wconf 89' lang='lat' dir='ltr'><strong>codicum</strong></span> <span class='ocrx_word' id='word_1_106' title='bbox 1896 1353 2143 1414; x_wconf 76' lang='lat' dir='ltr'><strong><em>TOFR</em></strong></span> <span class='ocrx_word' id='word_1_107' title='bbox 2178 1373 2398 1414; x_wconf 90' lang='lat' dir='ltr'><strong>memo·</strong></span> 
     </span>
     <span class='ocr_line' id='line_1_14' title="bbox 371 1436 2398 1525; baseline -0 -21"><span class='ocrx_word' id='word_1_108' title='bbox 371 1447 524 1504; x_wconf 87' lang='lat' dir='ltr'><strong>riam</strong></span> <span class='ocrx_word' id='word_1_109' title='bbox 569 1463 630 1504; x_wconf 90' lang='lat' dir='ltr'><strong>se</strong></span> <span class='ocrx_word' id='word_1_110' title='bbox 677 1446 941 1521; x_wconf 89' lang='lat' dir='ltr'><strong>applicat</strong></span> <span class='ocrx_word' id='word_1_111' title='bbox 979 1437 1080 1525; x_wconf 82' lang='lat' dir='ltr'><strong>(cf.</strong></span> <span class='ocrx_word' id='word_1_112' title='bbox 1119 1447 1299 1503; x_wconf 87' lang='lat' dir='ltr'><strong>etiam</strong></span> <span class='ocrx_word' id='word_1_113' title='bbox 1337 1444 1411 1503; x_wconf 85' lang='lat' dir='ltr'><strong>ad</strong></span> <span class='ocrx_word' id='word_1_114' title='bbox 1449 1444 1679 1504; x_wconf 90' lang='lat' dir='ltr'><strong>Phorm.</strong></span> <span class='ocrx_word' id='word_1_115' title='bbox 1710 1444 1766 1501; x_wconf 91' lang='lat' dir='ltr'><strong>V</strong></span> <span class='ocrx_word' id='word_1_116' title='bbox 1795 1446 1854 1520; x_wconf 88' lang='grc'><strong>8,</strong></span> <span class='ocrx_word' id='word_1_117' title='bbox 1877 1436 2008 1525; x_wconf 86' lang='grc'>53).</span> <span class='ocrx_word' id='word_1_118' title='bbox 2072 1443 2239 1503; x_wconf 88' lang='lat' dir='ltr'><strong>Idem</strong></span> <span class='ocrx_word' id='word_1_119' title='bbox 2273 1445 2398 1503; x_wconf 91' lang='lat' dir='ltr'><strong>fere</strong></span> 
     </span>
     <span class='ocr_line' id='line_1_15' title="bbox 373 1533 2395 1609; baseline -0 -15"><span class='ocrx_word' id='word_1_120' title='bbox 373 1535 535 1594; x_wconf 87' lang='lat' dir='ltr'><strong>valet</strong></span> <span class='ocrx_word' id='word_1_121' title='bbox 580 1533 652 1591; x_wconf 87' lang='lat' dir='ltr'><strong>de</strong></span> <span class='ocrx_word' id='word_1_122' title='bbox 691 1534 987 1593; x_wconf 90' lang='lat' dir='ltr'><strong>communi</strong></span> <span class='ocrx_word' id='word_1_123' title='bbox 1022 1534 1186 1593; x_wconf 90' lang='lat' dir='ltr'><strong>fonte</strong></span> <span class='ocrx_word' id='word_1_124' title='bbox 1225 1534 1492 1593; x_wconf 90' lang='lat' dir='ltr'><strong>codicum</strong></span> <span class='ocrx_word' id='word_1_125' title='bbox 1530 1535 1639 1592; x_wconf 88' lang='lat' dir='ltr'><strong>bE</strong></span> <span class='ocrx_word' id='word_1_126' title='bbox 1672 1536 1732 1592; x_wconf 92' lang='lat' dir='ltr'><strong>et</strong></span> <span class='ocrx_word' id='word_1_127' title='bbox 1770 1533 2046 1593; x_wconf 89' lang='lat' dir='ltr'><strong>editionis</strong></span> <span class='ocrx_word' id='word_1_128' title='bbox 2082 1534 2395 1609; x_wconf 86' lang='lat' dir='ltr'><strong>principis3</strong></span> 
     </span>
     <span class='ocr_line' id='line_1_16' title="bbox 371 1614 2396 1704; baseline -0 -22"><span class='ocrx_word' id='word_1_129' title='bbox 371 1626 434 1682; x_wconf 86' lang='lat' dir='ltr'><strong>in</strong></span> <span class='ocrx_word' id='word_1_130' title='bbox 483 1624 697 1698; x_wconf 90' lang='lat' dir='ltr'><strong>quibus</strong></span> <span class='ocrx_word' id='word_1_131' title='bbox 741 1623 1011 1699; x_wconf 83' lang='lat' dir='ltr'><strong>Hecyrae</strong></span> <span class='ocrx_word' id='word_1_132' title='bbox 1056 1624 1269 1682; x_wconf 91' lang='lat' dir='ltr'><strong>lacuna</strong></span> <span class='ocrx_word' id='word_1_133' title='bbox 1316 1622 1508 1682; x_wconf 89' lang='lat' dir='ltr'><strong>adhuc</strong></span> <span class='ocrx_word' id='word_1_134' title='bbox 1554 1625 1746 1682; x_wconf 85' lang='lat' dir='ltr'><strong>exstat</strong></span> <span class='ocrx_word' id='word_1_135' title='bbox 1791 1614 1884 1704; x_wconf 85' lang='lat' dir='ltr'><strong>(E</strong></span> <span class='ocrx_word' id='word_1_136' title='bbox 1924 1623 2022 1682; x_wconf 92' lang='lat' dir='ltr'><strong>hic</strong></span> <span class='ocrx_word' id='word_1_137' title='bbox 2068 1614 2286 1703; x_wconf 90' lang='lat' dir='ltr'><strong>deest),</strong></span> <span class='ocrx_word' id='word_1_138' title='bbox 2332 1623 2396 1681; x_wconf 89' lang='lat' dir='ltr'><strong>in</strong></span> 
     </span>
     <span class='ocr_line' id='line_1_17' title="bbox 372 1711 2397 1787; baseline -0.001 -16"><span class='ocrx_word' id='word_1_139' title='bbox 372 1712 745 1772; x_wconf 87' lang='lat' dir='ltr'><strong>Phormionis</strong></span> <span class='ocrx_word' id='word_1_140' title='bbox 792 1731 931 1771; x_wconf 88' lang='lat' dir='ltr'><strong>vero</strong></span> <span class='ocrx_word' id='word_1_141' title='bbox 978 1714 1306 1771; x_wconf 90' lang='lat' dir='ltr'><strong>commento</strong></span> <span class='ocrx_word' id='word_1_142' title='bbox 1357 1712 1432 1770; x_wconf 89' lang='lat' dir='ltr'><strong>ad</strong></span> <span class='ocrx_word' id='word_1_143' title='bbox 1467 1712 1530 1771; x_wconf 89' lang='lat' dir='ltr'>H</span> <span class='ocrx_word' id='word_1_144' title='bbox 1569 1713 1605 1770; x_wconf 88' lang='lat'><strong>3</strong></span> <span class='ocrx_word' id='word_1_145' title='bbox 1647 1711 1789 1771; x_wconf 91' lang='lat' dir='ltr'><strong>ordo</strong></span> <span class='ocrx_word' id='word_1_146' title='bbox 1828 1711 2185 1771; x_wconf 87' lang='lat' dir='ltr'><strong>scholiorum</strong></span> <span class='ocrx_word' id='word_1_147' title='bbox 2222 1731 2397 1787; x_wconf 91' lang='lat' dir='ltr'><strong>quem</strong></span> 
     </span>
     <span class='ocr_line' id='line_1_18' title="bbox 373 1801 1547 1877; baseline 0 -17"><span class='ocrx_word' id='word_1_148' title='bbox 373 1802 651 1861; x_wconf 86' lang='lat' dir='ltr'><strong>exhibent</strong></span> <span class='ocrx_word' id='word_1_149' title='bbox 694 1801 923 1860; x_wconf 64' lang='lat' dir='ltr'><strong>1,ch</strong></span> <span class='ocrx_word' id='word_1_150' title='bbox 957 1803 1079 1859; x_wconf 89' lang='lat' dir='ltr'><strong>iam</strong></span> <span class='ocrx_word' id='word_1_151' title='bbox 1123 1804 1396 1877; x_wconf 89' lang='lat' dir='ltr'><strong>receptus</strong></span> <span class='ocrx_word' id='word_1_152' title='bbox 1444 1804 1547 1860; x_wconf 81' lang='lat' dir='ltr'><strong>est.</strong></span> 
     </span>
    </p>

    <p class='ocr_par' dir='ltr' id='par_1_3' title="bbox 367 1890 2400 3658">
     <span class='ocr_line' id='line_1_19' title="bbox 505 1890 2400 1965; baseline -0.001 -17"><span class='ocrx_word' id='word_1_153' title='bbox 505 1890 674 1960; x_wconf 84' lang='lat' dir='ltr'><strong>Quod</strong></span> <span class='ocrx_word' id='word_1_154' title='bbox 739 1891 815 1948; x_wconf 91' lang='lat' dir='ltr'><strong>ad</strong></span> <span class='ocrx_word' id='word_1_155' title='bbox 879 1890 1105 1950; x_wconf 89' lang='lat' dir='ltr'><strong>codices</strong></span> <span class='ocrx_word' id='word_1_156' title='bbox 1160 1891 1466 1950; x_wconf 68' lang='lat' dir='ltr'><strong>11:7⁶⁸th</strong></span> <span class='ocrx_word' id='word_1_157' title='bbox 1525 1891 1767 1965; x_wconf 83' lang='lat' dir='ltr'><strong>attinet,</strong></span> <span class='ocrx_word' id='word_1_158' title='bbox 1831 1890 2133 1948; x_wconf 90' lang='lat' dir='ltr'><strong>simillime</strong></span> <span class='ocrx_word' id='word_1_159' title='bbox 2186 1907 2279 1948; x_wconf 90' lang='lat' dir='ltr'><strong>res</strong></span> <span class='ocrx_word' id='word_1_160' title='bbox 2333 1905 2400 1947; x_wconf 90' lang='lat' dir='ltr'><strong>se</strong></span> 
     </span>
     <span class='ocr_line' id='line_1_20' title="bbox 370 1972 2396 2061; baseline -0.002 -22"><span class='ocrx_word' id='word_1_161' title='bbox 370 1981 577 2056; x_wconf 68' lang='lat' dir='ltr'><strong>habet,</strong></span> <span class='ocrx_word' id='word_1_162' title='bbox 640 1982 703 2038; x_wconf 93' lang='lat' dir='ltr'><strong>in</strong></span> <span class='ocrx_word' id='word_1_163' title='bbox 769 1981 904 2039; x_wconf 90' lang='lat' dir='ltr'><strong>aliis</strong></span> <span class='ocrx_word' id='word_1_164' title='bbox 969 1983 1126 2039; x_wconf 89' lang='lat' dir='ltr'><strong>enim</strong></span> <span class='ocrx_word' id='word_1_165' title='bbox 1190 1972 1354 2061; x_wconf 57' lang='grc' dir='ltr'><strong>(κγ’)</strong></span> <span class='ocrx_word' id='word_1_166' title='bbox 1409 1980 1678 2055; x_wconf 81' lang='lat' dir='ltr'><strong>Hecyrae</strong></span> <span class='ocrx_word' id='word_1_167' title='bbox 1736 1981 1953 2039; x_wconf 88' lang='lat' dir='ltr'><strong>lacuna</strong></span> <span class='ocrx_word' id='word_1_168' title='bbox 2007 1982 2188 2039; x_wconf 90' lang='lat' dir='ltr'><strong>etiam</strong></span> <span class='ocrx_word' id='word_1_169' title='bbox 2241 1997 2396 2036; x_wconf 89' lang='lat' dir='ltr'><strong>nunc</strong></span> 
     </span>
     <span class='ocr_line' id='line_1_21' title="bbox 372 2060 2396 2150; baseline -0.002 -22"><span class='ocrx_word' id='word_1_170' title='bbox 372 2072 772 2148; x_wconf 85' lang='lat' dir='ltr'><strong>cognoscitur,</strong></span> <span class='ocrx_word' id='word_1_171' title='bbox 835 2069 899 2126; x_wconf 91' lang='lat' dir='ltr'><strong>in</strong></span> <span class='ocrx_word' id='word_1_172' title='bbox 964 2069 1096 2128; x_wconf 89' lang='lat' dir='ltr'><strong>aliis</strong></span> <span class='ocrx_word' id='word_1_173' title='bbox 1161 2060 1374 2150; x_wconf 55' lang='grc' dir='ltr'><strong>(ΛΜ)</strong></span> <span class='ocrx_word' id='word_1_174' title='bbox 1438 2070 1660 2145; x_wconf 87' lang='lat' dir='ltr'><strong>partim</strong></span> <span class='ocrx_word' id='word_1_175' title='bbox 1722 2070 1786 2128; x_wconf 91' lang='lat' dir='ltr'><strong>in</strong></span> <span class='ocrx_word' id='word_1_176' title='bbox 1847 2070 1994 2145; x_wconf 88' lang='lat' dir='ltr'><strong>ipsis</strong></span> <span class='ocrx_word' id='word_1_177' title='bbox 2059 2069 2278 2145; x_wconf 87' lang='lat' dir='ltr'><strong>partim</strong></span> <span class='ocrx_word' id='word_1_178' title='bbox 2331 2067 2396 2124; x_wconf 92' lang='lat' dir='ltr'><strong>in</strong></span> 
     </span>
     <span class='ocr_line' id='line_1_22' title="bbox 370 2155 2394 2235; baseline -0.002 -18"><span class='ocrx_word' id='word_1_179' title='bbox 370 2159 636 2234; x_wconf 80' lang='lat' dir='ltr'><strong>proximo</strong></span> <span class='ocrx_word' id='word_1_180' title='bbox 691 2160 858 2217; x_wconf 87' lang='lat' dir='ltr'><strong>fonte</strong></span> <span class='ocrx_word' id='word_1_181' title='bbox 912 2159 1145 2234; x_wconf 85' lang='lat' dir='ltr'><strong>expleta</strong></span> <span class='ocrx_word' id='word_1_182' title='bbox 1200 2161 1291 2217; x_wconf 89' lang='lat' dir='ltr'><strong>est</strong></span> <span class='ocrx_word' id='word_1_183' title='bbox 1336 2161 1515 2233; x_wconf 92' lang='lat' dir='ltr'><strong>atque</strong></span> <span class='ocrx_word' id='word_1_184' title='bbox 1563 2158 1795 2235; x_wconf 85' lang='lat' dir='ltr'><strong>expleta</strong></span> <span class='ocrx_word' id='word_1_185' title='bbox 1843 2157 2083 2233; x_wconf 91' lang='lat' dir='ltr'><strong>quidem</strong></span> <span class='ocrx_word' id='word_1_186' title='bbox 2128 2175 2196 2215; x_wconf 84' lang='lat' dir='ltr'><strong>ex</strong></span> <span class='ocrx_word' id='word_1_187' title='bbox 2239 2155 2394 2213; x_wconf 90' lang='lat' dir='ltr'><strong>libro</strong></span> 
     </span>
     <span class='ocr_line' id='line_1_23' title="bbox 374 2244 2398 2322; baseline -0.002 -17"><span class='ocrx_word' id='word_1_188' title='bbox 374 2248 635 2307; x_wconf 88' lang='lat' dir='ltr'><strong>eiusdem</strong></span> <span class='ocrx_word' id='word_1_189' title='bbox 698 2248 1054 2306; x_wconf 88' lang='lat' dir='ltr'><strong>recensionis</strong></span> <span class='ocrx_word' id='word_1_190' title='bbox 1067 2293 1082 2322; x_wconf 93' lang='lat'><strong>,</strong></span> <span class='ocrx_word' id='word_1_191' title='bbox 1147 2250 1310 2305; x_wconf 85' lang='lat' dir='ltr'><strong>cuius</strong></span> <span class='ocrx_word' id='word_1_192' title='bbox 1367 2250 1505 2305; x_wconf 90' lang='lat' dir='ltr'><strong>sunt</strong></span> <span class='ocrx_word' id='word_1_193' title='bbox 1557 2247 1706 2306; x_wconf 79' lang='lat' dir='ltr'><strong>Lod</strong></span> <span class='ocrx_word' id='word_1_194' title='bbox 1713 2247 1790 2305; x_wconf 90' lang='lat' dir='ltr'><strong>N.</strong></span> <span class='ocrx_word' id='word_1_195' title='bbox 1881 2247 2094 2321; x_wconf 88' lang='lat' dir='ltr'><strong>Itaque</strong></span> <span class='ocrx_word' id='word_1_196' title='bbox 2149 2244 2398 2303; x_wconf 88' lang='lat' dir='ltr'><strong>dubium</strong></span> 
     </span>
     <span class='ocr_line' id='line_1_24' title="bbox 372 2334 2396 2413; baseline -0.003 -17"><span class='ocrx_word' id='word_1_197' title='bbox 372 2356 495 2397; x_wconf 88' lang='lat' dir='ltr'><strong>esse</strong></span> <span class='ocrx_word' id='word_1_198' title='bbox 532 2355 651 2397; x_wconf 92' lang='lat' dir='ltr'><strong>non</strong></span> <span class='ocrx_word' id='word_1_199' title='bbox 686 2339 902 2413; x_wconf 87' lang='lat' dir='ltr'><strong>potest,</strong></span> <span class='ocrx_word' id='word_1_200' title='bbox 949 2339 1091 2412; x_wconf 90' lang='lat' dir='ltr'><strong>quin</strong></span> <span class='ocrx_word' id='word_1_201' title='bbox 1128 2337 1192 2394; x_wconf 93' lang='lat' dir='ltr'><strong>hi</strong></span> <span class='ocrx_word' id='word_1_202' title='bbox 1230 2354 1432 2395; x_wconf 91' lang='lat' dir='ltr'><strong>omnes</strong></span> <span class='ocrx_word' id='word_1_203' title='bbox 1470 2336 1546 2394; x_wconf 91' lang='lat' dir='ltr'><strong>ad</strong></span> <span class='ocrx_word' id='word_1_204' title='bbox 1582 2336 1957 2396; x_wconf 67' lang='lat' dir='ltr'><strong>carnotensis</strong></span> <span class='ocrx_word' id='word_1_205' title='bbox 1986 2334 2396 2412; x_wconf 79' lang='lat' dir='ltr'><strong>apographum</strong></span> 
     </span>
     <span class='ocr_line' id='line_1_25' title="bbox 367 2423 2394 2501; baseline -0.002 -17"><span class='ocrx_word' id='word_1_206' title='bbox 367 2426 641 2501; x_wconf 86' lang='lat' dir='ltr'><strong>redeant3</strong></span> <span class='ocrx_word' id='word_1_207' title='bbox 661 2426 816 2485; x_wconf 92' lang='lat' dir='ltr'><strong>unde</strong></span> <span class='ocrx_word' id='word_1_208' title='bbox 832 2427 1162 2485; x_wconf 87' lang='lat' dir='ltr'><strong>necessario</strong></span> <span class='ocrx_word' id='word_1_209' title='bbox 1182 2426 1451 2501; x_wconf 86' lang='lat' dir='ltr'><strong>sequitur</strong></span> <span class='ocrx_word' id='word_1_210' title='bbox 1464 2425 1689 2484; x_wconf 89' lang='lat' dir='ltr'><strong>scholia</strong></span> <span class='ocrx_word' id='word_1_211' title='bbox 1702 2425 1777 2484; x_wconf 91' lang='lat' dir='ltr'><strong>ad</strong></span> <span class='ocrx_word' id='word_1_212' title='bbox 1789 2425 2019 2484; x_wconf 90' lang='lat' dir='ltr'><strong>Phorm.</strong></span> <span class='ocrx_word' id='word_1_213' title='bbox 2032 2423 2094 2481; x_wconf 92' lang='grc' dir='ltr'>Π</span> <span class='ocrx_word' id='word_1_214' title='bbox 2108 2426 2139 2481; x_wconf 94' lang='grc'><strong>1</strong></span> <span class='ocrx_word' id='word_1_215' title='bbox 2148 2469 2163 2497; x_wconf 87' lang='grc'>,</span> <span class='ocrx_word' id='word_1_216' title='bbox 2175 2425 2344 2482; x_wconf 90' lang='grc'><strong>4-1</strong></span> <span class='ocrx_word' id='word_1_217' title='bbox 2356 2425 2394 2481; x_wconf 88' lang='grc'><strong>9</strong></span> 
     </span>
     <span class='ocr_line' id='line_1_26' title="bbox 368 2514 2396 2591; baseline -0.002 -17"><span class='ocrx_word' id='word_1_218' title='bbox 368 2515 432 2574; x_wconf 89' lang='lat' dir='ltr'><strong>in</strong></span> <span class='ocrx_word' id='word_1_219' title='bbox 469 2515 765 2576; x_wconf 90' lang='lat' dir='ltr'><strong>communi</strong></span> <span class='ocrx_word' id='word_1_220' title='bbox 804 2514 1122 2591; x_wconf 81' lang='lat' dir='ltr'><strong>archetypo</strong></span> <span class='ocrx_word' id='word_1_221' title='bbox 1161 2534 1230 2573; x_wconf 81' lang='lat' dir='ltr'><strong>ex</strong></span> <span class='ocrx_word' id='word_1_222' title='bbox 1267 2515 1376 2572; x_wconf 91' lang='lat' dir='ltr'><strong>illa</strong></span> <span class='ocrx_word' id='word_1_223' title='bbox 1411 2515 1746 2574; x_wconf 87' lang='lat' dir='ltr'><strong>recensione</strong></span> <span class='ocrx_word' id='word_1_224' title='bbox 1776 2516 1940 2573; x_wconf 91' lang='lat' dir='ltr'><strong>cuius</strong></span> <span class='ocrx_word' id='word_1_225' title='bbox 1970 2514 2205 2588; x_wconf 90' lang='lat' dir='ltr'><strong>saepius</strong></span> <span class='ocrx_word' id='word_1_226' title='bbox 2231 2532 2396 2571; x_wconf 90' lang='lat' dir='ltr'><strong>men-</strong></span> 
     </span>
     <span class='ocr_line' id='line_1_27' title="bbox 368 2600 2397 2680; baseline -0.001 -18"><span class='ocrx_word' id='word_1_227' title='bbox 368 2606 594 2664; x_wconf 88' lang='lat' dir='ltr'><strong>tionem</strong></span> <span class='ocrx_word' id='word_1_228' title='bbox 612 2605 856 2663; x_wconf 87' lang='lat' dir='ltr'><strong>fecimus</strong></span> <span class='ocrx_word' id='word_1_229' title='bbox 877 2623 1001 2664; x_wconf 89' lang='lat' dir='ltr'><strong>esse</strong></span> <span class='ocrx_word' id='word_1_230' title='bbox 1017 2605 1313 2663; x_wconf 82' lang='lat' dir='ltr'><strong>restituta.</strong></span> <span class='ocrx_word' id='word_1_231' title='bbox 1350 2603 1553 2680; x_wconf 91' lang='lat' dir='ltr'><strong>Atque</strong></span> <span class='ocrx_word' id='word_1_232' title='bbox 1571 2604 1682 2664; x_wconf 92' lang='lat' dir='ltr'><strong>hoc</strong></span> <span class='ocrx_word' id='word_1_233' title='bbox 1700 2606 1765 2661; x_wconf 92' lang='lat' dir='ltr'><strong>ni</strong></span> <span class='ocrx_word' id='word_1_234' title='bbox 1781 2603 1961 2661; x_wconf 86' lang='lat' dir='ltr'><strong>fallor</strong></span> <span class='ocrx_word' id='word_1_235' title='bbox 1978 2600 2397 2678; x_wconf 87' lang='lat' dir='ltr'><strong>comprobatur</strong></span> 
     </span>
     <span class='ocr_line' id='line_1_28' title="bbox 371 2691 2397 2770; baseline -0.002 -17"><span class='ocrx_word' id='word_1_236' title='bbox 371 2713 458 2769; x_wconf 91' lang='lat' dir='ltr'><strong>e0,</strong></span> <span class='ocrx_word' id='word_1_237' title='bbox 496 2693 656 2770; x_wconf 88' lang='lat' dir='ltr'><strong>quod</strong></span> <span class='ocrx_word' id='word_1_238' title='bbox 694 2695 754 2753; x_wconf 92' lang='lat' dir='ltr'><strong>et</strong></span> <span class='ocrx_word' id='word_1_239' title='bbox 788 2696 852 2752; x_wconf 89' lang='lat' dir='ltr'><strong>in</strong></span> <span class='ocrx_word' id='word_1_240' title='bbox 888 2692 1115 2751; x_wconf 72' lang='lat' dir='ltr'><strong>12ch</strong></span> <span class='ocrx_word' id='word_1_241' title='bbox 1144 2694 1204 2752; x_wconf 91' lang='lat' dir='ltr'><strong>et</strong></span> <span class='ocrx_word' id='word_1_242' title='bbox 1238 2693 1302 2750; x_wconf 89' lang='lat' dir='ltr'><strong>in</strong></span> <span class='ocrx_word' id='word_1_243' title='bbox 1339 2693 1446 2751; x_wconf 87' lang='lat' dir='ltr'><strong>Db</strong></span> <span class='ocrx_word' id='word_1_244' title='bbox 1483 2694 1568 2752; x_wconf 77' lang='lat' dir='ltr'><strong>ed.</strong></span> <span class='ocrx_word' id='word_1_245' title='bbox 1589 2711 1687 2767; x_wconf 78' lang='lat' dir='ltr'><strong>pr.</strong></span> <span class='ocrx_word' id='word_1_246' title='bbox 1725 2692 1995 2752; x_wconf 62' lang='lat' dir='ltr'><strong>:1:²⁸⁸th</strong></span> <span class='ocrx_word' id='word_1_247' title='bbox 2026 2691 2397 2750; x_wconf 86' lang='lat' dir='ltr'><strong>desideratur</strong></span> 
     </span>
     <span class='ocr_line' id='line_1_29' title="bbox 371 2779 2396 2857; baseline -0.003 -15"><span class='ocrx_word' id='word_1_248' title='bbox 371 2783 638 2843; x_wconf 90' lang='lat' dir='ltr'><strong>scholion</strong></span> <span class='ocrx_word' id='word_1_249' title='bbox 677 2782 753 2840; x_wconf 86' lang='lat' dir='ltr'><strong>ad</strong></span> <span class='ocrx_word' id='word_1_250' title='bbox 788 2781 1022 2840; x_wconf 88' lang='lat' dir='ltr'><strong>Phorm.</strong></span> <span class='ocrx_word' id='word_1_251' title='bbox 1050 2782 1113 2841; x_wconf 90' lang='lat' dir='ltr'><strong>H</strong></span> <span class='ocrx_word' id='word_1_252' title='bbox 1145 2785 1199 2857; x_wconf 88' lang='lat'><strong>1,</strong></span> <span class='ocrx_word' id='word_1_253' title='bbox 1234 2784 1290 2857; x_wconf 89' lang='lat'><strong>7,</strong></span> <span class='ocrx_word' id='word_1_254' title='bbox 1329 2782 1486 2857; x_wconf 90' lang='lat' dir='ltr'><strong>quod</strong></span> <span class='ocrx_word' id='word_1_255' title='bbox 1522 2782 1586 2839; x_wconf 88' lang='lat' dir='ltr'><strong>in</strong></span> <span class='ocrx_word' id='word_1_256' title='bbox 1623 2782 1820 2841; x_wconf 90' lang='lat' dir='ltr'><strong>codice</strong></span> <span class='ocrx_word' id='word_1_257' title='bbox 1858 2779 2116 2855; x_wconf 87' lang='lat' dir='ltr'><strong>quodam</strong></span> <span class='ocrx_word' id='word_1_258' title='bbox 2152 2781 2396 2856; x_wconf 90' lang='lat' dir='ltr'><strong>propter</strong></span> 
     </span>
     <span class='ocr_line' id='line_1_30' title="bbox 371 2863 2397 2953; baseline -0.002 -23"><span class='ocrx_word' id='word_1_259' title='bbox 371 2868 804 2948; x_wconf 80' lang='grc' dir='ltr'><strong><em>ὁμοιοτέλευτον</em></strong></span> <span class='ocrx_word' id='word_1_260' title='bbox 850 2863 1146 2951; x_wconf 77' lang='lat' dir='ltr'><strong>(‘causam</strong></span> <span class='ocrx_word' id='word_1_261' title='bbox 1184 2864 1464 2953; x_wconf 83' lang='lat' dir='ltr'><strong>tradere&#39;)</strong></span> <span class='ocrx_word' id='word_1_262' title='bbox 1501 2870 1737 2931; x_wconf 85' lang='lat' dir='ltr'><strong>videtur</strong></span> <span class='ocrx_word' id='word_1_263' title='bbox 1771 2869 2156 2928; x_wconf 81' lang='lat' dir='ltr'><strong>intercidisse.</strong></span> <span class='ocrx_word' id='word_1_264' title='bbox 2231 2868 2397 2938; x_wconf 85' lang='lat' dir='ltr'><strong>Quae</strong></span> 
     </span>
     <span class='ocr_line' id='line_1_31' title="bbox 371 2957 2396 3035; baseline -0.001 -17"><span class='ocrx_word' id='word_1_265' title='bbox 371 2979 505 3019; x_wconf 89' lang='lat' dir='ltr'><strong>cum</strong></span> <span class='ocrx_word' id='word_1_266' title='bbox 549 2962 639 3019; x_wconf 89' lang='lat' dir='ltr'><strong>ita</strong></span> <span class='ocrx_word' id='word_1_267' title='bbox 682 2961 826 3035; x_wconf 88' lang='lat' dir='ltr'><strong>sint,</strong></span> <span class='ocrx_word' id='word_1_268' title='bbox 873 2960 1031 3019; x_wconf 90' lang='lat' dir='ltr'><strong>haud</strong></span> <span class='ocrx_word' id='word_1_269' title='bbox 1080 2961 1200 3019; x_wconf 90' lang='lat' dir='ltr'><strong>scio</strong></span> <span class='ocrx_word' id='word_1_270' title='bbox 1249 2979 1324 3017; x_wconf 88' lang='lat' dir='ltr'><strong>an</strong></span> <span class='ocrx_word' id='word_1_271' title='bbox 1369 2962 1571 3019; x_wconf 90' lang='lat' dir='ltr'><strong>nostro</strong></span> <span class='ocrx_word' id='word_1_272' title='bbox 1615 2961 1743 3018; x_wconf 90' lang='lat' dir='ltr'><strong>iure</strong></span> <span class='ocrx_word' id='word_1_273' title='bbox 1788 2977 2090 3018; x_wconf 87' lang='lat' dir='ltr'><strong>sumamus</strong></span> <span class='ocrx_word' id='word_1_274' title='bbox 2134 2961 2196 3016; x_wconf 90' lang='lat' dir='ltr'><strong>in</strong></span> <span class='ocrx_word' id='word_1_275' title='bbox 2241 2957 2396 3016; x_wconf 89' lang='lat' dir='ltr'><strong>hanc</strong></span> 
     </span>
     <span class='ocr_line' id='line_1_32' title="bbox 372 3047 2393 3125; baseline -0 -19"><span class='ocrx_word' id='word_1_276' title='bbox 372 3066 602 3124; x_wconf 91' lang='lat' dir='ltr'><strong>quoque</strong></span> <span class='ocrx_word' id='word_1_277' title='bbox 644 3047 1019 3108; x_wconf 77' lang='lat' dir='ltr'><strong>carnotensis</strong></span> <span class='ocrx_word' id='word_1_278' title='bbox 1067 3050 1312 3125; x_wconf 87' lang='lat' dir='ltr'><strong>stirpem</strong></span> <span class='ocrx_word' id='word_1_279' title='bbox 1357 3047 1630 3107; x_wconf 89' lang='lat' dir='ltr'><strong>similiter</strong></span> <span class='ocrx_word' id='word_1_280' title='bbox 1676 3051 1854 3123; x_wconf 87' lang='lat' dir='ltr'><strong>atque</strong></span> <span class='ocrx_word' id='word_1_281' title='bbox 1899 3048 1963 3105; x_wconf 92' lang='lat' dir='ltr'><strong>in</strong></span> <span class='ocrx_word' id='word_1_282' title='bbox 2005 3047 2221 3107; x_wconf 74' lang='lat' dir='ltr'><strong>Oamn</strong></span> <span class='ocrx_word' id='word_1_283' title='bbox 2261 3065 2393 3123; x_wconf 85' lang='lat' dir='ltr'><strong>gra-</strong></span> 
     </span>
     <span class='ocr_line' id='line_1_33' title="bbox 372 3135 2398 3217; baseline -0.001 -22"><span class='ocrx_word' id='word_1_284' title='bbox 372 3137 560 3195; x_wconf 88' lang='lat' dir='ltr'><strong>datim</strong></span> <span class='ocrx_word' id='word_1_285' title='bbox 604 3138 840 3196; x_wconf 88' lang='lat' dir='ltr'><strong>illatam</strong></span> <span class='ocrx_word' id='word_1_286' title='bbox 885 3157 1010 3217; x_wconf 87' lang='lat' dir='ltr'><strong>esse</strong></span> <span class='ocrx_word' id='word_1_287' title='bbox 1056 3137 1406 3197; x_wconf 84' lang='lat' dir='ltr'><strong>deteriorem</strong></span> <span class='ocrx_word' id='word_1_288' title='bbox 1451 3138 1862 3197; x_wconf 90' lang='lat' dir='ltr'><strong>recensionem.</strong></span> <span class='ocrx_word' id='word_1_289' title='bbox 1949 3135 2129 3195; x_wconf 84' lang='lat' dir='ltr'><strong>Cuius</strong></span> <span class='ocrx_word' id='word_1_290' title='bbox 2175 3136 2262 3194; x_wconf 89' lang='lat' dir='ltr'><strong>rei</strong></span> <span class='ocrx_word' id='word_1_291' title='bbox 2305 3137 2398 3193; x_wconf 89' lang='lat' dir='ltr'><strong>in-</strong></span> 
     </span>
     <span class='ocr_line' id='line_1_34' title="bbox 369 3225 2395 3301; baseline 0 -18"><span class='ocrx_word' id='word_1_292' title='bbox 369 3227 543 3284; x_wconf 92' lang='lat' dir='ltr'><strong>itium</strong></span> <span class='ocrx_word' id='word_1_293' title='bbox 612 3228 863 3286; x_wconf 87' lang='lat' dir='ltr'><strong>fortasse</strong></span> <span class='ocrx_word' id='word_1_294' title='bbox 936 3227 1161 3285; x_wconf 87' lang='lat' dir='ltr'><strong>factum</strong></span> <span class='ocrx_word' id='word_1_295' title='bbox 1225 3228 1315 3285; x_wconf 91' lang='lat' dir='ltr'><strong>est</strong></span> <span class='ocrx_word' id='word_1_296' title='bbox 1376 3229 1439 3284; x_wconf 92' lang='lat' dir='ltr'><strong>in</strong></span> <span class='ocrx_word' id='word_1_297' title='bbox 1502 3226 1612 3284; x_wconf 92' lang='lat' dir='ltr'><strong>illa</strong></span> <span class='ocrx_word' id='word_1_298' title='bbox 1674 3225 2153 3301; x_wconf 89' lang='lat' dir='ltr'><strong>transcriptione,</strong></span> <span class='ocrx_word' id='word_1_299' title='bbox 2227 3227 2395 3284; x_wconf 88' lang='lat' dir='ltr'><strong>cuius</strong></span> 
     </span>
     <span class='ocr_line' id='line_1_35' title="bbox 370 3313 2396 3392; baseline 0 -21"><span class='ocrx_word' id='word_1_300' title='bbox 370 3314 630 3392; x_wconf 83' lang='lat' dir='ltr'><strong>Aurispa</strong></span> <span class='ocrx_word' id='word_1_301' title='bbox 674 3317 712 3373; x_wconf 94' lang='grc'><strong>1.</strong></span> <span class='ocrx_word' id='word_1_302' title='bbox 743 3334 786 3374; x_wconf 90' lang='lat' dir='ltr'><strong>s.</strong></span> <span class='ocrx_word' id='word_1_303' title='bbox 817 3334 862 3374; x_wconf 92' lang='lat' dir='ltr'><strong>c.</strong></span> <span class='ocrx_word' id='word_1_304' title='bbox 910 3316 1196 3374; x_wconf 88' lang='lat' dir='ltr'><strong>meminit.</strong></span> <span class='ocrx_word' id='word_1_305' title='bbox 1235 3348 1322 3357; x_wconf 89' lang='lat'>—</span> <span class='ocrx_word' id='word_1_306' title='bbox 1363 3315 1492 3373; x_wconf 92' lang='lat' dir='ltr'><strong>Iam</strong></span> <span class='ocrx_word' id='word_1_307' title='bbox 1541 3315 1615 3373; x_wconf 90' lang='lat' dir='ltr'><strong>ad</strong></span> <span class='ocrx_word' id='word_1_308' title='bbox 1663 3316 2068 3391; x_wconf 87' lang='lat' dir='ltr'><strong>quaestionem</strong></span> <span class='ocrx_word' id='word_1_309' title='bbox 2114 3313 2396 3372; x_wconf 82' lang='lat' dir='ltr'><strong>difficilli-</strong></span> 
     </span>
     <span class='ocr_line' id='line_1_36' title="bbox 370 3404 2395 3480; baseline 0 -18"><span class='ocrx_word' id='word_1_310' title='bbox 370 3423 529 3462; x_wconf 91' lang='lat' dir='ltr'><strong>mam</strong></span> <span class='ocrx_word' id='word_1_311' title='bbox 582 3407 982 3480; x_wconf 87' lang='lat' dir='ltr'><strong>pervenimus,</strong></span> <span class='ocrx_word' id='word_1_312' title='bbox 1037 3404 1192 3463; x_wconf 87' lang='lat' dir='ltr'><strong>unde</strong></span> <span class='ocrx_word' id='word_1_313' title='bbox 1246 3404 1497 3464; x_wconf 90' lang='lat' dir='ltr'><strong>oriunda</strong></span> <span class='ocrx_word' id='word_1_314' title='bbox 1551 3405 1632 3463; x_wconf 88' lang='lat' dir='ltr'><strong>sit</strong></span> <span class='ocrx_word' id='word_1_315' title='bbox 1683 3405 1945 3463; x_wconf 90' lang='lat' dir='ltr'><strong>recensio</strong></span> <span class='ocrx_word' id='word_1_316' title='bbox 1998 3404 2107 3461; x_wconf 88' lang='lat' dir='ltr'><strong>illa</strong></span> <span class='ocrx_word' id='word_1_317' title='bbox 2158 3404 2395 3478; x_wconf 89' lang='lat' dir='ltr'><strong>saepius</strong></span> 
     </span>
     <span class='ocr_line' id='line_1_37' title="bbox 371 3491 2395 3569; baseline -0.001 -19"><span class='ocrx_word' id='word_1_318' title='bbox 371 3496 841 3553; x_wconf 90' lang='lat' dir='ltr'><strong>commemorata.</strong></span> <span class='ocrx_word' id='word_1_319' title='bbox 918 3493 1050 3563; x_wconf 84' lang='lat' dir='ltr'><strong>Qua</strong></span> <span class='ocrx_word' id='word_1_320' title='bbox 1092 3494 1155 3551; x_wconf 92' lang='lat' dir='ltr'><strong>in</strong></span> <span class='ocrx_word' id='word_1_321' title='bbox 1200 3512 1263 3552; x_wconf 89' lang='lat' dir='ltr'><strong>re</strong></span> <span class='ocrx_word' id='word_1_322' title='bbox 1308 3492 1567 3569; x_wconf 91' lang='lat' dir='ltr'><strong>primum</strong></span> <span class='ocrx_word' id='word_1_323' title='bbox 1614 3492 1996 3552; x_wconf 88' lang='lat' dir='ltr'><strong>statuendum</strong></span> <span class='ocrx_word' id='word_1_324' title='bbox 2041 3493 2130 3551; x_wconf 90' lang='lat' dir='ltr'><strong>est</strong></span> <span class='ocrx_word' id='word_1_325' title='bbox 2170 3491 2395 3549; x_wconf 87' lang='lat' dir='ltr'><strong>factam</strong></span> 
     </span>
     <span class='ocr_line' id='line_1_38' title="bbox 370 3580 2394 3658; baseline -0 -17"><span class='ocrx_word' id='word_1_326' title='bbox 370 3599 495 3641; x_wconf 86' lang='lat' dir='ltr'><strong>esse</strong></span> <span class='ocrx_word' id='word_1_327' title='bbox 560 3601 691 3640; x_wconf 90' lang='lat' dir='ltr'><strong>eam</strong></span> <span class='ocrx_word' id='word_1_328' title='bbox 755 3585 892 3642; x_wconf 87' lang='lat' dir='ltr'><strong>ante</strong></span> <span class='ocrx_word' id='word_1_329' title='bbox 957 3602 1008 3641; x_wconf 87' lang='lat' dir='ltr'><strong>a.</strong></span> <span class='ocrx_word' id='word_1_330' title='bbox 1055 3584 1244 3657; x_wconf 85' lang='lat'><strong>1451,</strong></span> <span class='ocrx_word' id='word_1_331' title='bbox 1278 3601 1425 3656; x_wconf 22' lang='lat' dir='ltr'><strong>rquo</strong></span> <span class='ocrx_word' id='word_1_332' title='bbox 1490 3601 1643 3641; x_wconf 89' lang='lat' dir='ltr'><strong>anno</strong></span> <span class='ocrx_word' id='word_1_333' title='bbox 1699 3582 1957 3658; x_wconf 90' lang='lat' dir='ltr'><strong>Aurispa</strong></span> <span class='ocrx_word' id='word_1_334' title='bbox 2013 3580 2394 3640; x_wconf 83' lang='lat' dir='ltr'><strong>Carnotensis</strong></span> 
     </span>
    </p>
   </div>
  </div>
 </body>
</html>
