2669 3938
792 275 1183 330 EVNVCHVS
1210 276 1287 329 fv
1315 281 1368 344 4,
1397 281 1622 329 21-24.
2093 274 2222 337 417

200 429 281 486 ait
322 429 522 485 autem
569 426 930 501 stellionem,
986 427 1143 502 quod
1190 429 1354 484 anim
1364 427 1423 484 al
1469 426 1726 484 lacertae
1772 445 1891 483 non
1940 425 2223 484 dissimile

199 519 283 576 est
323 515 624 575 maculoso
672 516 857 591 cori03
903 535 1157 591 namque
1205 516 1280 574 ad
1329 515 1393 573 id
1434 533 1618 593 genus
1655 515 1838 573 facies
1877 513 2226 590 exprimitur

199 606 589 663 eunuchorum
634 606 922 680 corporis,
979 606 1118 680 quia
1162 605 1432 680 plerique
1476 604 1823 680 lentiginosi
1868 605 2022 662 sunt.
2120 602 2218 660 hic

200 713 330 770 ergo
386 695 611 752 errauit
663 694 820 769 ideo,
885 695 1028 769 quia
1091 698 1238 772 γαλῆ
1292 694 1573 752 mustella
1629 692 1870 766 dicitur,
1924 690 2217 771 γαλεώτης

201 783 408 856 stellio,
454 781 645 861 ὥσπερ
679 775 1104 861 Ἀριστοφάνης
1150 779 1216 841 ἐν
1259 787 1386 852 ταῖς
1424 778 1721 858 Νεφέλαις
1759 773 1950 861 (174)
1993 776 2221 858 Ἥσθην
2277 798 2302 838 5

201 871 449 956 γαλεώτῃ
493 869 871 950 καταχέσαντι
914 865 1312 950 Σωκράτους’.
1468 873 1504 929 2
1552 870 1638 930 At
1683 889 1791 947 ego
1839 866 1866 912 †
1884 869 2224 929 edesionum

203 979 438 1035 sequor,
495 961 597 1035 qui
650 963 809 1019 recte
864 960 1161 1019 intellexit
1205 961 1550 1018 Terentium
1601 959 1884 1018 scientem
1928 959 2223 1017 mustel-

200 1050 342 1108 lino
389 1049 624 1108 colore
670 1049 884 1108 dixisse
931 1051 1268 1108 eunuchum
1312 1050 1482 1107 uelut
1525 1048 1844 1122 subliuido,
1889 1048 2034 1129 quia
2083 1066 2220 1106 uere

202 1139 451 1197 eunuchi
494 1142 601 1198 aut
642 1157 711 1196 ex
748 1139 1178 1197 candidissimis
1214 1138 1561 1214 lentiginosi
1595 1137 1763 1211 fiunt,
1810 1140 1878 1195 ut
1915 1156 1985 1195 ex
2029 1135 2221 1195 Gallis

204 1230 262 1286 et
302 1228 592 1286 eiusmodi
638 1228 1122 1301 occidentalibuS,
1178 1230 1284 1286 aut
1330 1246 1401 1285 ex
1445 1228 1627 1285 fuscis
1673 1225 1988 1301 subliuidi,
2036 1230 2106 1284 ut
2152 1244 2221 1284 ex
2252 1245 2306 1284 ιο

201 1316 495 1376 Armeniis
547 1320 608 1375 et
655 1317 786 1375 aliis
834 1317 1238 1376 orientalibus.

48 1419 167 1475 690
333 1407 426 1473 23
482 1434 561 1474 νΤ
616 1432 763 1479 Qvn)
819 1434 1054 1473 numm
1108 1432 1362 1474 nemun·
1415 1430 1684 1471 nuscum
1749 1407 2054 1472 ‘nesciam'
2112 1431 2223 1488 pro

205 1498 342 1562 ‘non
387 1498 778 1562 meminerim’
825 1505 921 1563 uel
970 1499 1112 1562 ‘non
1159 1497 1519 1580 agnoscam'.

48 1610 165 1666 691
336 1592 430 1659 24
491 1606 522 1660 1
573 1619 697 1660 nno
750 1621 830 1662 'rv
876 1621 1024 1659 mam
1060 1620 1183 1661 nco
1222 1621 1300 1659 'ru
1348 1603 1498 1659 miro
1545 1599 1847 1660 stomacho
1896 1599 2053 1674 quod
2099 1599 2226 1674 ipse

202 1692 357 1765 fecit,
402 1691 465 1748 id
512 1710 582 1748 ex
627 1691 746 1749 alio
793 1691 996 1749 audire
1041 1694 1290 1749 conatur
1337 1693 1413 1764 et,
1458 1690 1644 1748 donec
1687 1689 1832 1748 haec
1879 1688 2102 1761 audiat,
2149 1707 2226 1745 an
2254 1706 2307 1747 15

200 1780 342 1838 haec
395 1780 603 1839 fecerit
655 1779 907 1839 dubitat.
1072 1782 1108 1837 2
1169 1799 1312 1838 IVBE
1367 1798 1506 1836 mm
1560 1795 1765 1837 nmwo
1820 1794 2224 1835 mesponnmr

202 1869 312 1928 hoc
366 1872 456 1928 est
508 1869 665 1944 quod
710 1870 773 1926 in
818 1869 1151 1927 Rhetoricis
1200 1867 1405 1926 Cicero
1458 1867 1546 1925 ait
1592 1859 1667 1947 (I
1700 1867 1798 1935 51,
1837 1858 1950 1946 96)
1998 1859 2227 1924 ‘contra

200 1958 433 2017 firmam
469 1959 1046 2037 argumentationem
1084 1958 1265 2017 aliam
1304 1977 1488 2033 aeque
1516 1956 1750 2014 firmam
1778 1959 1883 2014 aut
1909 1955 2227 2015 firmiorem

201 2043 611 2124 opponamus'.
691 2049 836 2106 haec
883 2051 972 2107 est
1016 2048 1203 2124 igitur
1249 2066 1434 2122 aeque
1481 2046 1666 2104 firma.
1744 2039 1979 2104 ‘denuo'
2028 2048 2228 2103 autem

348 2293 376 2340 1
424 2287 717 2342 stellonem
768 2290 919 2343 codd.
980 2287 1317 2373 [animalia
1368 2289 1516 2340 certe
1564 2285 1682 2355 (·tis
1724 2286 1798 2355 Τ)
1852 2285 1954 2340 ΤΟ
2001 2286 2021 2354 ΙΙ
2075 2290 2106 2336 2
2154 2284 2229 2337 ad

197 2392 286 2464 id]
333 2392 391 2446 id
429 2393 558 2448 ideo
600 2397 651 2448 Τ
705 2396 713 2464 Ι
771 2362 1217 2465 genfiss¹⁰¹¹⁸(sscr.
1256 2413 1324 2449 m.
1354 2398 1394 2448 2
1422 2420 1489 2439 =
1519 2394 1665 2461 dett.)
1712 2392 1765 2445 V
1810 2393 1829 2461 11
1879 2397 1912 2445 3
1950 2390 2228 2445 eunucho-

199 2482 325 2517 rum
355 2466 402 2519 G
429 2469 438 2534 Ι
471 2471 713 2549 corporis
751 2469 804 2522 V
833 2469 951 2537 (om.
982 2467 1129 2534 dett.)
1162 2467 1170 2538 Ι
1201 2465 1333 2519 hinc
1368 2465 1471 2520 ΤΟ
1493 2466 1512 2534 n
1539 2469 1573 2515 4
1610 2468 1789 2533 αγαλη
1828 2463 1890 2531 V,
1926 2480 2059 2517 *ηε*
2093 2463 2197 2518 ΤΟ
2215 2464 2224 2534 1

197 2550 405 2640 ξλεωτη
454 2571 618 2626 stello
666 2574 850 2639 εἶ’σπερ
897 2572 1245 2640 ἇριστώφανι
1287 2575 1413 2626 ceta
1448 2571 1580 2640 igne
1619 2573 1929 2637 φελισεστιν
1957 2572 2230 2638 γαλεωτεσ

197 2650 438 2713 καταχετ
477 2663 587 2698 ouo
616 2663 929 2712 κρατουσατ
957 2660 1061 2714 ego
1111 2646 1171 2711 V,
1208 2660 1537 2697 *******
1569 2642 1792 2695 aniceta
1818 2657 1953 2710 rgne
1968 2640 2229 2765 §aniceta

197 2715 333 2783 igne
386 2716 460 2782 Τ)
516 2732 814 2770 ******
865 2718 1086 2782 cantol}
1133 2717 1305 2783 (tant-
1361 2715 1432 2784 T)
1471 2730 1717 2767 *****
1763 2729 1868 2781 ego
1910 2712 1961 2765 T
2021 2755 2034 2780 ,
2089 2728 2227 2766 corr.

196 2787 446 2840 Rabbow
480 2788 500 2855 11
537 2792 568 2839 6
608 2786 946 2840 aedesionum
987 2788 1046 2854 V,
1085 2786 1398 2839 edisionum
1431 2786 1486 2849 0,
1517 2783 1894 2838 edibicionum
1928 2784 1997 2851 2⁷3
2035 2782 2229 2836 Edesi-

195 2856 433 2911 denium
463 2857 575 2912 eod.
601 2858 832 2925 Gm'aciz,
871 2857 1187 2912 edesionem
1216 2858 1299 2911 vel
1325 2854 1662 2909 edissionem
1689 2856 1839 2920 dett.;
1877 2871 1926 2908 v.
1956 2855 2188 2922 append.
2209 2856 2227 2923 ΙΙ

199 2934 232 2981 7
271 2928 549 2997 intelligit
588 2930 735 2998 GV!
767 2928 1019 2982 Teretius
1061 2929 1107 2983 Ο
1137 2931 1157 3000 ΙΙ
1193 2934 1226 2981 8
1264 2926 1425 2981 uelut
1460 2944 1560 2981 om.
1595 2926 1639 2980 O
1671 2929 1690 2995 ss
1727 2932 1757 2978 9
1798 2924 2116 2996 lentiqinosi
2166 2927 2227 2993 V,

194 2999 536 3054 semicanosi
582 3000 767 3069 (emic·
810 3001 884 3070 T)
928 3001 1030 3055 ΤΟ
1084 3003 1092 3070 Ι
1152 2998 1311 3053 callis
1354 2999 1399 3053 Ο
1458 3001 1475 3068 ΙΙ
1541 3002 1607 3050 10
1654 2997 1807 3070 (ex)
1843 2995 2119 3051 eiusmodi
2167 2998 2227 3063 V,

191 3106 522 3160 huiusmodi
563 3106 703 3170 Τσι
737 3106 1191 3160 accedentalibus
1232 3107 1315 3175 Τι
1348 3104 1488 3157 fusis
1530 3105 1610 3172 οι
1642 3083 1700 3169 {t
1736 3121 1803 3156 ex
1853 3105 1912 3169 ν,
1961 3106 2019 3157 et
2054 3119 2123 3156 ex
2166 3104 2227 3169 T,

192 3195 298 3233 rex
339 3178 386 3232 0
422 3181 441 3248 ΙΙ
469 3183 546 3231 -11
589 3178 720 3232 aliis
771 3180 824 3232 V
849 3181 867 3247 ΙΙ
899 3185 962 3231 12
1000 3177 1249 3247 nuscum]
1287 3195 1359 3230 n·
1412 3177 1472 3243 V,
1514 3175 1702 3229 nescio
1747 3174 1884 3244 ΤΟΙ
1916 3174 2104 3228 nescio
2149 3176 2199 3228 Τ
2210 3176 2228 3243 ΙΙ

195 3256 268 3303 14
319 3249 425 3303 eho
460 3249 788 3318 tu·N·ego
826 3250 883 3302 te
925 3251 989 3316 Ο,
1047 3249 1152 3303 eho
1191 3250 1421 3302 e·e·t·
1472 3247 1524 3299 V
1571 3249 1579 3316 1
1623 3245 1763 3301 miro
1812 3247 1872 3310 V,
1928 3245 2049 3299 uiro
2094 3245 2222 3316 To}

189 3321 492 3374 stomacho
530 3320 656 3392 <sic
694 3320 777 3374 ait
814 3325 877 3374 ut
913 3323 994 3391 (ἐπ
1025 3338 1129 3390 my.
1168 3337 1235 3373 m.
1270 3319 1372 3390 2»
1424 3320 1477 3372 V
1511 3321 1529 3386 ΙΙ
1579 3325 1642 3371 15
1680 3318 1784 3370 hoc
1820 3319 1878 3384 ,T
1931 3318 1955 3384 κ
1990 3316 2229 3370 audiam

190 3392 376 3458 codd„
411 3408 547 3446 corr.
587 3393 667 3446 ed.
698 3409 788 3460 pr.
827 3395 846 3460 ΙΙ
885 3398 949 3445 16
989 3390 1184 3445 feceris
1229 3391 1312 3455 ΤΙ
1347 3388 1589 3443 dubitat.
1620 3388 1767 3460 mm]
1807 3387 2126 3441 dubitatiue
2166 3389 2227 3452 V,

192 3497 432 3551 dubitat
472 3499 575 3553 Tc
605 3501 624 3566 ΙΙ
663 3488 727 3551 17
767 3498 827 3550 in
862 3515 962 3553 om.
999 3498 1048 3551 T
1075 3501 1083 3567 Ι
1115 3465 1368 3550 rlectoriis
1401 3496 1448 3550 C
1472 3498 1480 3564 Ι
1515 3495 1597 3548 ait
1634 3495 1778 3567 <aut
1868 3496 1922 3548 V
1956 3496 1976 3562 ΙΙ
2019 3498 2083 3546 19
2118 3473 2228 3573 ‘op-

190 3585 477 3637 ponamus
514 3571 570 3638 (a
605 3586 673 3623 ex
708 3568 728 3621 i
765 3585 900 3623 corr.
929 3586 999 3622 m.
1028 3571 1085 3637 2)
1126 3570 1211 3638 V}
1243 3584 1422 3635 aeque
1450 3568 1610 3619 firma
1637 3570 1738 3619 aut
1803 3580 1972 3617 rmior
1999 3566 2230 3632 ponitur

195 3640 315 3695 Cic.
358 3642 368 3710 Ι
408 3639 514 3693 hoc
555 3640 606 3694 Τ
640 3642 649 3710 Ι
690 3640 875 3693 firmat
918 3641 968 3695 Τ
1001 3641 1010 3708 Ι
1043 3641 1233 3693 autem
1270 3640 1343 3692 ad
1382 3640 1445 3691 in
1478 3655 1590 3691 rae.
1640 3637 1737 3704 V2,
1775 3638 1964 3689 autem
2006 3635 2056 3687 Τ

310 3738 482 3777 Donati
511 3750 669 3778 comm.
699 3749 785 3779 rec.
813 3739 909 3779 We
922 3750 1098 3778 ssssss
1839 3728 1905 3774 27
